3392 5050
1430 357 1868 426 ..23-

469 532 759 600 Maiores
808 554 1047 617 greges
1095 532 1407 619 (equitia)
1465 533 1630 601 foris
1672 534 1744 600 in
1791 535 2110 616 spatiosis
2165 536 2414 618 campis
2480 537 2815 604 habeban-

468 644 580 704 tur
625 641 791 725 (Col.
839 641 954 708 VI.
1005 639 1110 725 27,
1161 638 1249 726 2).

790 785 844 850 O
866 785 1008 852 viu
1028 806 1091 851 m
1170 762 1410 868 greges
1470 785 1630 852 item
1700 784 1841 850 bini
1906 790 2063 852 sunt
2112 785 2551 869 discernendi,
2621 785 2815 852 villa-

467 890 661 974 ticus,
712 891 823 972 qui
868 891 938 957 in
984 891 1189 960 villae
1236 891 1440 957 fundo
1511 891 1813 974 pascitur
1860 896 1950 957 et*
1985 892 2257 975 frigoris
2314 897 2608 975 tempore
2678 899 2814 959 sta-

467 1000 757 1082 bulatur,
809 1000 983 1065 alter
1030 1000 1142 1081 qui
1187 1001 1418 1082 procul
1463 1019 1581 1082 per
1629 1000 1844 1065 saltus
1876 1002 2186 1082 vagando
2232 1000 2530 1065 nutritur
2561 1005 2814 1067 manet-

467 1126 592 1187 que
639 1107 840 1173 etiam
889 1108 1101 1173 hieme
1148 1107 1331 1173 intra
1379 1109 1686 1174 cohortes
1736 1127 1773 1173 e
1821 1107 2138 1190 cratibuS,
2196 1127 2359 1189 quas
2405 1107 2548 1190 ipse
2594 1127 2815 1174 secum

466 1213 620 1297 fert,
672 1215 1076 1281 constitutas
1123 1216 1231 1300 (V.
1281 1216 1366 1281 ΙΙ.
1417 1212 1477 1298 2,
1527 1212 1617 1299 8).
1712 1214 1845 1280 Sed
1891 1214 1961 1280 in
2006 1214 2172 1282 villa
2212 1214 2416 1282 ovilia
2479 1216 2812 1282 8111111000
2897 1288 2900 1291 ,

469 1341 510 1387 0
555 1321 807 1405 frigore
857 1342 937 1388 ac
990 1323 1205 1390 ventis
1251 1327 1400 1388 tuto
1450 1322 1831 1404 spectantia
1877 1322 2090 1405 magis
2134 1324 2221 1388 ad
2267 1323 2586 1389 orientem
2620 1342 2814 1405 quam
2887 1304 2915 1319 κ

467 1432 552 1495 ad
614 1430 955 1495 meridiem
1016 1432 1122 1513 (V.
1168 1431 1253 1495 ΙΙ.
1303 1428 1364 1514 2,
1416 1428 1486 1512 7)
1537 1466 1613 1476 --
1687 1430 2051 1496 Columella
2109 1431 2285 1514 (VII.
2336 1428 2396 1515 3,
2476 1428 2545 1514 8)
2605 1430 2810 1496 medii

468 1537 601 1603 diei
647 1543 907 1621 partem
953 1538 1306 1621 praeponit
1354 1577 1437 1584 —-
1486 1543 1555 1604 et
1616 1542 1854 1620 patent
1903 1537 2146 1604 caloris
2209 1557 2413 1604 causa
2468 1538 2539 1603 in
2599 1539 2814 1622 longi-

465 1645 762 1711 tudinem
807 1647 1030 1729 potius
1079 1666 1273 1727 quam
1320 1646 1390 1711 in
1435 1645 1863 1712 latitudinem
1911 1645 2074 1726 (Col.
2121 1644 2355 1728 V11.3‚
2406 1643 2477 1728 8)
2523 1648 2605 1712 ob
2639 1666 2812 1712 eam·

466 1773 589 1835 que
636 1773 776 1819 rem
824 1773 1018 1835 quam
1063 1753 1399 1819 minimum
1446 1753 1516 1818 in
1564 1752 1790 1818 01111111.
1885 1753 2020 1818 Sub
2069 1772 2197 1817 uno
2246 1756 2427 1818 tecto
2478 1755 2565 1818 ad
2631 1753 2814 1819 mille

463 1860 800 1944 lanigeras
849 1861 1071 1927 claudi
1116 1879 1309 1942 posse
1357 1859 1647 1926 affirmat
1687 1859 2049 1926 Columella
2094 1861 2270 1944 (VII.
2308 1858 2366 1943 6,
2402 1858 2489 1944 5),
2523 1860 2813 1942 spatium

465 1968 745 2052 singulis
812 1968 1044 2034 definit
1114 1987 1313 2033 areae
1387 1970 1474 2033 ad
1535 1967 1768 2050 quinos
1812 1967 1953 2034 fere
2015 1970 2217 2050 pedes
2264 1969 2615 2036 Vitruvius
2663 1969 2809 2054 (VI.

466 2073 526 2158 9,
578 2072 669 2156 4).
764 2076 987 2141 Solum
1043 2080 1120 2140 ut
1183 2074 1384 2140 facile
1441 2079 1815 2157 evertatur,
1884 2078 1988 2140 est
2044 2077 2285 2140 rudere
2350 2080 2649 2158 opertum
2696 2077 2806 2161 (V.

461 2183 546 2247 II.
597 2180 658 2265 2,
709 2180 799 2265 7),
878 2182 1131 2264 pellitis
1212 2182 1446 2250 ovibus
1507 2180 1712 2247 etiam
1773 2181 1997 2264 lapide
2059 2185 2346 2246 stratum
2426 2182 2487 2267 (ξ
2536 2180 2648 2268 18)
2703 2184 2812 2250 vel
2948 2268 2953 2273 Ι

470 2290 527 2356 81
557 2291 914 2373 pretiosius
945 2292 1196 2356 habent
1227 2290 1461 2371 vellus,
1509 2293 1586 2354 ut
1636 2289 1937 2354 Graecae
1971 2307 2135 2371 quae
2171 2294 2515 2374 vocantur,
2564 2293 2810 2357 cubant

467 2396 531 2461 in
583 2397 832 2464 tabulis
881 2396 1241 2479 perforatis
1288 2397 1391 2482 (P.
1437 2396 1589 2461 XII.
1638 2393 1744 2478 13,
1794 2392 1881 2480 5).

784 2541 1032 2608 Similis
1080 2546 1282 2623 atque
1329 2540 1563 2608 ovibus
1600 2559 1762 2605 cura
1793 2540 1871 2605 fit
1904 2539 2107 2605 etiam
2155 2541 2485 2625 capris,
2536 2560 2812 2622 quarum

464 2670 702 2734 greges
751 2651 833 2715 ob
883 2649 1302 2733 contagionis
1348 2648 1711 2731 periculum
1760 2667 1893 2712 non
1939 2648 2088 2730 plus
2155 2668 2349 2729 quam
2406 2648 2811 2731 quinquage-

434 2745 694 2823 narum
740 2757 881 2823 fere
927 2762 1082 2823 sunt
1128 2756 1420 2824 faciendi
1466 2756 1576 2841 (V.
1624 2756 1710 2820 ΙΙ.
1744 2753 1804 2837 3,
1850 2752 1985 2834 10).
2079 2755 2380 2839 Stabula,
2432 2775 2600 2837 quae
2649 2755 2811 2822 item

464 2864 600 2931 sint
648 2883 843 2945 quam
913 2861 1338 2945 calidissima,
1405 2865 1491 2927 ad
1555 2862 1877 2927 orientem
1930 2861 2283 2928 hibernum
2344 2863 2447 2947 (V.
2493 2864 2579 2928 II.
2631 2860 2691 2944 3,
2744 2860 2812 2946 6)

464 2971 599 3037 sita
647 2975 869 3037 strata
915 2975 1070 3036 sunt
1116 2971 1225 3037 vel
1261 2969 1494 3051 ‚lapide
1540 2969 1650 3037 vel
1695 2973 1878 3035 testa
1925 2969 2030 3053 (V.
2079 2968 2257 3052 ibid„
2294 2970 2428 3035 Col.
2463 2971 2610 3037 VII.
2648 2967 2707 3053 6,
2744 2968 2812 3054 6)

461 3098 583 3144 1100
630 3078 779 3160 plus
826 3076 969 3143 fere
1017 3096 1212 3159 quam
1261 3081 1525 3142 centum
1569 3075 1902 3158 recipiant
1948 3073 2113 3158 (Col.
2151 3076 2296 3142 VII.
2332 3074 2391 3159 6,
2427 3074 2496 3161 5;
2545 3078 2620 3142 P.
2653 3077 2809 3142 XII.

464 3184 568 3268 13,
619 3184 705 3268 8).
798 3184 1016 3267 Spatii
1075 3183 1379 3266 singulae
1451 3188 1779 3274 occupant
1835 3185 2229 3248 tantundem
2287 3187 2604 3263 quantum
2653 3202 2810 3250 oves

463 3291 666 3375 (Vitr.
717 3292 828 3356 VI.
878 3288 936 3373 9,
987 3288 1074 3376 4).

632 3423 643 3432 ”
781 3435 1024 3500 Restat
1069 3439 1146 3499 ut
1192 3434 1262 3500 in
1310 3431 1635 3501 villaticis
1683 3433 2034 3516 pecoribus
2083 3453 2328 3499 suum
2374 3434 2496 3499 fiat
2539 3434 2811 3501 mentio.

463 3542 632 3607 Nam
664 3546 739 3607 ut
784 3541 1089 3624 proprius
1125 3541 1366 3608 fundus
1415 3560 1679 3607 caruem
1711 3534 2054 3624 praebeat,
2105 3561 2234 3623 qua
2266 3541 2523 3606 familia
2554 3541 2812 3608 nutria-

441 3653 591 3731 Itur,
643 3649 944 3732 cogitare
991 3649 1322 3732 agricolas
1373 3654 1904 3715 consentaneum..
1934 3653 2038 3715 est
2084 3647 2189 3730 (V.
2218 3648 2304 3713 II.
2338 3645 2400 3731 4,
2436 3646 2506 3730 3)
2543 3668 2811 3732 greges-

463 3775 588 3836 que
634 3757 966 3822 habentur
1010 3776 1130 3838 pro
1179 3757 1362 3823 illius
1409 3756 1873 3840 magnitudine
1937 3755 2038 3821 ita
2083 3760 2160 3821 ut
2208 3757 2424 3821 Varro
2487 3756 2812 3821 modicum

465 3865 654 3941 putet
702 3864 1155 3930 centenarium
1223 3865 1339 3948 (ΙΙ.
1412 3862 1474 3947 4,
1535 3862 1670 3948 22).
1767 3864 1948 3930 811110
2025 3883 2281 3946 quoque
2344 3863 2666 3946 fingemus
2742 3865 2813 3929 in

464 3967 943 4050 longitudinem
1010 3971 1226 4054 magis
1274 3976 1652 4053 porrectum
1711 3971 1880 4056 (Col.
1928 3971 2077 4037 VII.
2126 3967 2185 4052 9,
2237 3968 2353 4052 14)
2417 3989 2631 4051 neque
2678 3990 2811 4036 am-

462 4072 638 4154 plius
686 4077 766 4140 de
796 4076 936 4143 'hoc
984 4082 1547 4144 commemoratur.
1646 4076 1987 4144 Gravidae
2059 4081 2280 4142 autem
2350 4081 2419 4142 et
2484 4077 2666 4143 fetae
2712 4077 2812 4142 in-

462 4180 818 4249 cluduntur
865 4185 1167 4268 singulae
1199 4185 1403 4269 110118,
1452 4205 1620 4267 quae
1653 4186 1774 4251 sub
1806 4184 2173 4267 porticibus
2198 4183 2268 4248 in
2301 4184 2591 4267 cohorte,
2627 4183 2812 4252 cuius

461 4288 640 4358 infra
686 4290 803 4358 fiet
853 4291 1135 4373 amplius
1148 4289 1829 4465 ‘nlent10,{deinceps
1873 4288 2145 4378 {positae
2193 4291 2499 4375 operculo
2559 4295 2811 4376 carent,

951 4420 955 4423 ’
980 4407 1089 4446 ’“““”ῗῗ-Ᾰ
1232 4391 1467 4464 ..23393ιῆ
