3392 5050
443 553 576 600 non
622 535 823 601 aliam
891 554 1035 601 eam
1081 535 1596 618 interpretemur
1664 536 1792 603 nisi
1861 537 2203 620 gallinarii
2259 539 2492 620 locum,
2560 554 2786 620 quam-

349 653 352 656 ’
445 661 639 725 quam
686 641 887 707 aliter
931 662 1010 708 ac
1058 642 1374 726 ,grandis‘
1423 645 1597 726 apud
1631 645 1996 709 Varronem
2044 645 2372 710 curatoris
2421 644 2591 710 cella
2634 664 2785 728 non,

446 751 795 815 admodum
841 760 945 816 est·
991 769 1252 832 magna.
1346 750 1686 815 Permeari
1749 759 1971 815 autem
2034 756 2258 833 potest
2321 772 2363 816 a
2421 750 2615 816 furno
2679 751 2786 818 vel

444 856 666 924 cuIIna
712 855 1068 939 gallinario
1116 858 1385 922 admota
1446 859 1532 922 ad
1594 858 1955 939 cohortem,
2017 857 2159 939 ipse
2220 864 2491 924 curator
2549 858 2786 924 statio-

442 983 591 1030 nem
636 963 885 1028 habere
930 961 1200 1029 videtur
1267 962 1336 1027 in
1395 962 1588 1028 furno
1659 964 1765 1029 vel
1828 962 2068 1028 culina.
2163 963 2347 1045 Quae
2409 963 2784 1031 coniunctio

441 1072 718 1153 praebet
765 1069 1006 1135 caloris
1055 1069 1520 1136 salubritatem
1567 1070 1685 1153 ita,
1751 1076 1827 1136 ut
1891 1071 2075 1137 focus
2124 1091 2159 1137 e
2206 1071 2465 1137 modica
2497 1132 2498 1137 ,
2527 1071 2785 1155 longin-

443 1178 702 1260 quitate
748 1195 895 1242 eum
941 1176 1211 1243 emittat
1256 1176 1324 1241 in
1370 1176 1655 1242 mediam
1703 1177 1935 1243 cellam
2008 1177 2290 1259 indeque
2350 1199 2469 1260 per
2531 1178 2785 1244 aditum

444 1286 679 1350 dextra
720 1284 1046 1365 laevaque
1102 1282 1170 1349 in
1241 1289 1588 1364 utramque
1664 1283 2101 1349 adiacentem.
2196 1283 2508 1366 Saeptum
2579 1284 2785 1351 vesti-

443 1391 684 1474 bulum,
734 1392 907 1473 quod
952 1391 1168 1456 Varro
1218 1395 1375 1455 ante
1422 1390 1547 1455 hoc
1595 1390 1882 1456 collocat
1922 1391 2370 1474 gallinarium,
2423 1391 2784 1457 Columella

441 1517 573 1564 non
618 1496 985 1580 promiscue
1032 1496 1354 1563 villaticis
1420 1496 1528 1564 vel
1590 1497 2043 1564 cohortalibus
2114 1497 2385 1581 gallinis
2456 1497 2782 1581 assignat,

442 1610 560 1674 sed
606 1606 669 1673 ei
713 1610 975 1671 tantum
1022 1603 1270 1688 generi,
1334 1606 1508 1685 quod
1554 1624 1685 1669 non
1733 1605 1896 1670 alibi
1966 1614 2167 1685 atque
2246 1604 2427 1670 intra
2489 1603 2784 1669 ornitho-

371 1723 374 1726 ’
441 1733 589 1781 116111
656 1713 974 1797 pascitur.
1066 1716 1171 1778 Ad
1238 1712 1726 1795 saginationem
1792 1713 2222 1778 includuntur
2282 1712 2576 1796 gallinae
2638 1713 2783 1778 loco

441 1822 684 1906 tepid0,
750 1826 1056 1905 angustO,
1132 1822 1410 1887 obscuro
1473 1821 1578 1902 (V.
1629 1820 1757 1885 ΙΠ.
1827 1819 1886 1902 95
1955 1819 2077 1907 193
2150 1822 2283 1887 Col.
2343 1821 2529 1907 VIII.
2583 1818 2642 1903 7,
2693 1818 2780 1904 1).

444 1928 600 1994 Alia
645 1948 892 2013 genera
961 1947 1130 2010 quae
1186 1932 1673 2009 enumerantur,
1747 1928 2063 1993 rusticum
2123 1934 2192 1995 et
2238 1928 2629 1994 Africanum
2674 1930 2781 2011 (V.

446 2034 570 2100 111.
619 2032 677 2118 9,
728 2034 804 2121 13
856 2037 992 2102 col.
1038 2036 1226 2137 ⁸vm.
1278 2033 1393 2118 21)
1441 2041 1596 2102 sunt
1646 2035 2041 2117 pretiosiora
2091 2041 2159 2101 et
2205 2037 2468 2102 rariora
2512 2037 2620 2120 (V.
2654 2036 2781 2102 111.
2907 2016 2912 2021 ’

447 2140 505 2226 9,
554 2141 686 2227 16).

760 2268 907 2333 Non
955 2267 1260 2334 dissimili
1320 2268 1582 2334 ratione
1630 2242 1710 2333 ac
1780 2267 2072 2351 gallinae
2140 2268 2454 2333 habitant
2512 2272 2784 2350 praeter

442 2376 653 2458 ipsum
699 2375 831 2442 loci
877 2374 1078 2442 situm
1126 2376 1594 2441 columbae.
1690 2377 1982 2458 Quarum
2032 2378 2159 2441 duo
2206 2376 2621 2458 potissimum
2668 2397 2778 2442 ex·

439 2487 624 2550 stant
670 2501 937 2567 genera,
987 2500 1204 2565 unum,
1255 2484 1427 2564 quod
1474 2481 1543 2548 iu
1591 2481 1941 2548 ornithone
1993 2483 2138 2548 cibo
2173 2482 2533 2550 domestico
2575 2482 2783 2549 alitur

438 2591 612 2657 omni
659 2610 915 2673 semper
960 2597 1275 2674 tempore,
1324 2590 1609 2656 alterum
1657 2596 1948 2673 agreste,
1998 2593 2171 2672 quod
2206 2609 2324 2672 per
2361 2590 2524 2656 duos
2556 2595 2782 2659 tresve

435 2718 694 2764 menses
741 2698 987 2781 accipit
1034 2697 1376 2765 conditiva
1424 2697 1700 2780 cibaria,
1759 2697 1931 2764 alias
1979 2689 2183 2765 libel-e
2228 2699 2516 2765 volando
2568 2698 2782 2780 ipsum

438 2804 567 2871 sibi
611 2804 895 2886 requirit
941 2804 1250 2888 pabulum
1302 2805 1403 2884 (V.
1451 2804 1576 2869 ΙΙΙ.
1628 2801 1690 2887 ’7,
1742 2802 1816 2888 1;
1882 2804 2018 2870 Col.
2066 2803 2255 2870 VIII.
2303 2801 2367 2886 8,
2419 2801 2510 2883 1).
2603 2792 2780 2870 Illud

438 2911 819 2977 continetur
887 2910 1069 2977 intra
1136 2911 1367 2976 limina
1415 2912 1643 2995 cellae,
1707 2913 1831 2977 hoc
1879 2913 2059 2978 edito
2123 2903 2267 2977 loco
2327 2911 2396 2976 in
2443 2912 2615 2977 turri
2663 2918 2781 2977 aut

436 3018 640 3085 villae
688 3018 1011 3084 columine
1056 3019 1263 3083 habet
1310 3021 1551 3101 sedem,
1600 3021 1775 3083 unde
1822 3018 2094 3083 fundum
2137 3017 2520 3099 frequentet
2552 3024 2621 3085 et
2654 3037 2778 3100 quo

436 3123 645 3191 libere
691 3127 941 3191 redeat.
1036 3124 1335 3191 Tertium
1382 3123 1551 3191 facit
1596 3127 1813 3192 Varro
1861 3126 2243 3208 miscellam,
2295 3128 2469 3206 quod
2512 3130 2781 3193 tenetur

438 3231 506 3296 in
553 3232 962 3314 peristerone
1009 3231 1128 3315 ita,
1173 3237 1248 3296 ut
1294 3231 1687 3298 incubantes
1736 3232 2061 3299 evolitent
2108 3232 2460 3314 interdum,
2493 3240 2775 3299 ceterae

437 3344 843 3404 remaneant.
933 3338 1280 3404 Palladius
1362 3359 1556 3404 unum
1631 3348 1899 3422 agreste
1969 3359 2177 3423 genus
2255 3339 2551 3421 respicit,
2630 3359 2779 3404 cum

440 3446 726 3511 collocat
770 3444 839 3510 in
886 3444 1060 3510 turri
1105 3444 1176 3509 in
1220 3446 1558 3526 praetorio
1608 3447 1978 3513 constituta
2025 3450 2098 3528 (l.
2146 3445 2279 3526 24).
2553 3451 2557 3456 ’

757 3604 1143 3684 Apparatus
1190 3601 1470 3668 interior
1527 3609 1596 3671 et
1653 3605 1723 3669 in
1793 3605 2205 3687 peristerone
2266 3602 2335 3668 in
2399 3604 2597 3685 plano
2647 3603 2776 3669 sito

439 3719 508 3779 et
554 3712 623 3777 iu
671 3709 1077 3777 columbario
1124 3710 1298 3776 turri
1343 3711 1599 3778 incluso
1648 3712 1820 3777 idem
1871 3712 2010 3778 fere
2059 3715 2286 3776 exstat
2315 3710 2422 3795 (V.
2450 3712 2566 3776 III.
2602 3714 2661 3792 7,
2687 3708 2776 3795 8).

755 3865 1188 3933 Peristerona
1250 3868 1511 3948 quidem
1574 3869 1790 3934 Varro
1853 3868 1953 3933 ita
2024 3868 2363 3949 describit,
2428 3873 2503 3931 ut
2550 3869 2777 3935 aedifi-

443 3973 612 4038 cium
657 3978 966 4040 exstruat
1012 3975 1338 4040 testudini
1402 3975 1615 4041 simile
1694 3994 1839 4040 cum
1905 3994 2312 4041 camerarum
2374 3980 2573 4057 tect0,
2639 3976 2774 4041 adi-

440 4084 582 4145 tum
627 4099 704 4146 eo
750 4079 964 4146 faciat
1009 4100 1128 4163 per
1174 4081 1414 4147 ostium
1482 4087 1837 4166 angustum
1917 4101 2161 4163 perque
2208 4082 2542 4147 fenestras
2589 4084 2775 4164 puni·

441 4207 646 4255 canas
709 4186 777 4273 (i.
842 4207 895 4274 6.
968 4188 1502 4271 angustissimas)
1567 4197 1685 4255 aut
1733 4189 2009 4255 latiores
2078 4208 2320 4270 easque
2382 4187 2776 4257 reticulatas

439 4295 652 4361 lucem
707 4293 1045 4376 admittat,
1110 4314 1294 4378 quaS,
1367 4297 1521 4377 quia
1590 4296 1883 4379 parietes
1952 4295 2278 4361 cubilibus
2349 4303 2774 4383 occupantur,

2485 4399 2520 4453 3
