3392 5050
1420 354 1974 461 -15—'

773 567 1037 649 Restat,
1067 571 1144 631 ut
1188 565 1466 632 balnei
1496 565 1619 632 fiat
1649 566 1919 648 mentio,
1954 567 2127 646 quod
2159 564 2421 647 quidem
2447 567 2531 630 de
2559 565 2810 632 nostris

463 693 632 740 unus
677 673 1025 739 Palladius
1089 673 1356 755 paululo
1421 673 1802 739 accuratius
1882 671 2202 738 describit
2263 672 2341 756 (Ι.
2392 669 2524 758 39),
2605 672 2812 737 ceteri

465 780 594 845 nisi
637 779 1036 845 nominando
1082 797 1214 845 non
1262 778 1632 862 attingunt.
1726 779 1942 844 Huius
1974 783 2336 861 praecepta
2368 778 2427 845 si
2473 798 2811 861 compara-

465 886 676 952 bimus
725 904 869 951 cum
915 885 1353 952 monumentis
1401 885 1695 977 reliquiS,
1759 885 2045 967 exempli
2092 885 2318 968 gratia
2380 904 2526 950 cum
2572 886 2810 953 balneo

461 993 643 1059 illius
691 992 894 1058 villae
942 1012 1111 1074 quae
1157 996 1440 1059 vocatur
1484 991 1829 1057 Diomedis
1879 992 2259 1076 (Overbeck
2304 1011 2415 1076 pg.
2464 989 2622 1077 372)
2669 993 2811 1060 sive

465 1119 609 1170 011111
655 1099 950 1165 rusticae
997 1100 1200 1166 villae
1246 1101 1484 1164 balneo
1543 1099 1805 1164 culinae
1854 1101 2140 1182 admotO,
2207 1102 2382 1180 quod
2428 1103 2655 1165 exstat
2711 1099 2807 1164 in-

461 1211 734 1273 ventum
780 1225 983 1288 prope
1016 1206 1366 1289 Pompejos
1399 1206 1469 1270 in
1501 1205 1706 1271 fundo
1756 1224 1946 1286 quem
1992 1210 2242 1273 vocant
2285 1206 2682 1271 Boscoreale
2714 1207 2805 1291 (v.

463 1311 618 1378 Atti
667 1314 842 1378 della
886 1314 968 1379 R.
1016 1312 1383 1378 Academia
1432 1312 1539 1377 dei
1585 1312 1839 1394 Lincei,
1889 1311 2137 1377 notizie
2171 1312 2351 1396 degli
2398 1311 2585 1378 scavi
2633 1310 2806 1378 1895

464 1440 570 1503 pg.
617 1417 799 1503 207),
845 1422 969 1487 has
1015 1420 1264 1487 formas
1308 1421 1382 1485 in
1416 1420 1768 1503 scriptoris
1815 1420 1995 1486 notis
2042 1421 2221 1485 haud
2255 1418 2452 1486 dubie
2485 1438 2806 1503 agnosca-

465 1546 627 1593 mus.
719 1529 942 1609 Atque
991 1538 1580 1594 commemorantur
1612 1529 1821 1593 cellae
1869 1528 2124 1594 alterae
2156 1526 2572 1609 suspensuris
2604 1526 2808 1608 impo-

467 1633 638 1698 sitae
683 1633 764 1718 (1.
814 1632 919 1718 39,
969 1632 1059 1721 2),
1108 1635 1365 1700 alterae
1419 1635 1778 1717 piscinales
1826 1631 1962 1719 (39,
2011 1632 2113 1719 4);
2177 1633 2337 1699 illae
2399 1632 2608 1715 igitur
2668 1633 2807 1699 effi-

469 1740 652 1806 ciunt
700 1745 874 1822 quod
920 1761 1232 1811 vocamus
1280 1742 1665 1825 caldarium,
1714 1744 1842 1807 hae
1887 1741 2309 1824 frigidarium
2358 1758 2503 1804 011111
2533 1738 2806 1821 piscinis

467 1848 604 1915 suis
653 1868 865 1931 aquae
934 1850 1193 1941 scilicet
1238 1868 1369 1915 non
1404 1849 1806 1934 calefactae3
1877 1867 1998 1913 1160
2047 1850 2286 1913 desunt
2333 1850 2514 1912 certe
2562 1850 2807 1930 apody-

465 1956 684 2022 terion
759 1957 1308 2041 tepidariumque,
1382 1956 1618 2038 quibus
1682 1956 1847 2022 locis
1918 1958 2005 2021 ad
2080 1974 2269 2021 usum
2361 1958 2518 2019 ante
2593 1952 2808 2034 ipsum

462 2065 770 2130 balneum
818 2084 979 2147 opus
1028 2070 1149 2131 est.
1224 2065 1519 2131 Caldarii
1552 2064 1762 2130 solum
1807 2063 2172 2129 inclinatur
2219 2064 2306 2127 ad
2334 2081 2481 2126 eam
2525 2066 2804 2144 partem,

463 2170 579 2236 ubi
642 2169 881 2236 fornax
943 2171 1357 2237 extrinsecus
1427 2192 1468 2236 a
1519 2171 1736 2236 latere
1806 2168 2101 2236 caldario
2168 2172 2271 2233 est
2335 2167 2679 2250 supposita
2725 2167 2805 2252 (Ι.

464 2275 569 2362 39,
620 2276 708 2363 3).
803 2279 988 2361 Quae
1043 2279 1191 2361 ipsa
1256 2284 1325 2344 et
1370 2279 1547 2362 ignis
1609 2296 1925 2360 vaporem
1983 2296 2103 2358 per
2150 2294 2586 2358 suspensuras
2655 2278 2806 2342 sub-

462 2385 675 2450 mittit
723 2388 809 2450 ad
856 2387 1268 2452 sudatoriam
1331 2385 1614 2451 maxime
1679 2385 1933 2466 cellam,
1998 2389 2139 2448 tum
2199 2383 2285 2447 ad
2347 2388 2608 2449 ceteras
2673 2384 2806 2449 cal-

465 2492 640 2558 darii
698 2498 945 2575 partes·
975 2498 1043 2560 et
1093 2497 1323 2560 eadem
1369 2493 1439 2558 in
1479 2492 1902 2574 receptaculo
1951 2491 2090 2557 alto
2153 2494 2222 2556 et
2278 2495 2584 2574 angustO,
2634 2493 2806 2572 quod

463 2600 818 2666 miliarium
886 2606 1186 2684 vocatur,
1255 2600 1671 2683 superposito
1744 2619 1982 2680 aquam
2060 2596 2392 2678 calefacit,
2456 2616 2625 2678 quae
2690 2617 2807 2678 per

464 2705 735 2772 fistulas
781 2706 849 2770 in
899 2707 1070 2773 solia
1114 2707 1535 2792 perducitur-3
1584 2705 1942 2771 miliarium
1974 2709 2198 2770 autem
2245 2709 2563 2784 quantum
2594 2724 2807 2786 aquae

465 2811 863 2877 calefactum
927 2816 1015 2878 ad
1086 2815 1254 2880 solia
1323 2814 1593 2895 emittit,
1671 2833 1792 2896 per
1857 2814 2141 2878 alteram
2205 2830 2440 2878 rursus
2506 2811 2807 2878 fistulam

462 2916 884 3000 frigidariam
929 2919 972 2985 i.
1023 2939 1079 2985 e.
1128 2940 1210 2985 ex
1259 2940 1470 3002 aquae
1518 2919 1809 3004 frigidae
1854 2918 2277 3002 receptaculo
2328 2918 2594 3001 accipit.

773 3127 963 3211 Quod
1008 3129 1178 3196 solia
1222 3131 1469 3212 plurali
1526 3149 1797 3196 numero
1865 3134 2473 3213 commemorantur,
2539 3130 2806 3196 dubium

461 3252 593 3299 non
661 3240 765 3302 est
824 3236 981 3317 quin
1055 3238 1315 3303 labrum
1377 3243 1448 3303 et
1515 3239 1766 3320 alveuS,
1829 3236 1937 3303 hic
2030 3235 2520 3318 calidissimam,
2590 3236 2805 3304 minus

466 3341 748 3406 calidam
792 3342 960 3408 illud
1007 3341 1353 3411 continens
1400 3344 1861 3427 significentur
1907 3342 2051 3427 (cir.
2097 3342 2253 3409 Atti
2297 3342 2341 3408 l.
2393 3362 2446 3408 c.
2495 3362 2602 3424 pg.
2637 3339 2802 3429 2103

466 3444 814 3512 Overbeck
857 3468 967 3532 pg.
1016 3447 1145 3515 209
1207 3455 1276 3515 et
1323 3448 1501 3536 373).
1594 3452 1782 3517 Haec
1830 3455 1957 3517 duo
2027 3450 2196 3517 solia
2265 3468 2439 3531 aqua
2499 3448 2803 3515 differen-

462 3552 553 3619 tis
602 3553 845 3620 caloris
891 3554 1166 3638 impleta
1220 3556 1673 3641 interpretari,
1746 3558 1878 3623 etsi
1923 3556 2270 3622 Palladius
2318 3556 2604 3621 alterum
2671 3574 2803 3621 non

459 3661 829 3731 nominavit
875 3683 1089 3746 aquae
1133 3666 1644 3749 receptaculum,
1703 3669 2125 3731 monumenta
2176 3669 2402 3730 tamen
2447 3662 2802 3746 respicien-

459 3774 565 3836 tes
610 3789 693 3835 ne
754 3777 1156 3856 cunctemur,
1228 3776 1402 3854 quod
1430 3773 1623 3838 *idem
1685 3791 1899 3853 aquae
1962 3771 2459 3854 perductionem
2521 3769 2802 3852 amplius

461 3893 788 3956 exponere
829 3878 1033 3945 etiam
1079 3883 1167 3945 ad
1212 3879 1569 3962 piscinales
1618 3880 1822 3946 cellas
1871 3878 2113 3961 omisit,
2145 3897 2265 3945 nos
2314 3883 2536 3944 autem
2581 3882 2801 3960 poste-

462 3982 600 4048 rius
675 3986 968 4053 Palladii
1042 3993 1303 4071 tempus
1385 3992 1472 4054 ad
1549 3988 2015 4071 simpliciorem
2105 3987 2329 4053 balnei
2405 3990 2800 4068 apparatum

460 4090 714 4157 redisse
772 4112 904 4160 non
947 4096 1109 4162 licet
1156 4096 1561 4163 existimare.
1638 4097 1946 4162 Ceterum
1992 4087 2340 4162 Palladius
2388 4094 2497 4160 hic
2544 4112 2799 4176 quoque

462 4199 913 4279 compendium
1002 4203 1446 4270 Vitruvianae
1520 4204 2014 4270 architecturae
2091 4202 2540 4285 transcripsit,
2626 4202 2799 4282 quod

459 4304 633 4371 idem
680 4308 808 4372 duo
855 4308 1145 4375 miliaria
1192 4311 1471 4377 denotat
1517 4315 1599 4397 (c.
1649 4309 1783 4400 16).
2163 4325 2168 4330 ·
