3392 5050
1359 445 1799 516 ...2534-

408 624 784 690 tabulatum
862 624 1114 706 pensile
1192 630 1600 693 exstructum
1680 627 1748 692 in
1826 628 2198 694 lacusculos
2270 628 2594 696 dividitur
2664 632 2749 695 ad

405 735 846 814 separandam
922 734 1330 816 singulorum
1398 734 1652 800 dierum
1734 741 2147 821 coacturam3
2211 736 2435 802 ‘solum
2521 737 2745 818 lapide

406 838 515 903 vel
560 842 744 904 testa
811 845 1225 906 constratum
1289 841 1547 908 declive
1609 848 1734 924 est,
1783 849 1859 909 ut
1908 842 2159 908 defluat
2207 843 2501 908 olearum
2563 862 2750 909 umor

407 945 476 1010 in
509 965 804 1014 concava
851 949 1207 1015 assercnlis
1240 955 1308 1015 et
1356 950 1587 1015 cannis
1631 954 1961 1032 contecta,
2010 951 2184 1014 unde
2230 949 2443 1031 possit
2483 969 2752 1015 amurca

407 1055 769 1126 exhauriri.
849 1056 1008 1140 (Cfr.
1060 1057 1200 1122 Cat.
1250 1056 1310 1139 3,
1361 1055 1417 1122 4.
1467 1055 1582 1142 643
1631 1059 1711 1123 V.
1746 1057 1799 1124 Ι.
1835 1054 1940 1141 55,
1990 1054 2060 1141 5;
2112 1057 2246 1122 Col.
2296 1057 2454 1122 XII.
2504 1054 2610 1139 52,
2660 1054 2752 1140 3.)

727 1232 1076 1300 Torculari
1122 1233 1492 1315 Vitruvius,
1561 1233 1619 1298 si
1684 1251 1882 1297 unum
1955 1231 2407 1297 constituatur
2472 1232 2746 1315 prelum,

406 1337 590 1420 XVI,
640 1337 699 1404 si
746 1341 894 1422 duo,
943 1340 1175 1405 XXIV
1220 1343 1456 1422 pedum
1506 1339 1950 1421 latitudinem,
1985 1338 2466 1421 longitudinem
2515 1342 2752 1422 pedum

406 1446 530 1510 XL
580 1444 908 1529 designat.
1001 1449 1220 1514 Molae
1268 1448 1337 1513 in
1385 1468 1481 1528 60,
1532 1468 1695 1528 quas
1741 1447 2103 1513 Columella
2153 1445 2447 1528 aptiores
2495 1447 2751 1512 iudicat

407 1571 600 1633 quam
649 1556 937 1637 trapeta,
1008 1561 1366 1623 versantur
1413 1557 1497 1621 ab
1568 1555 1776 1645 asinis
1836 1555 2007 1637 (Cat.
2057 1551 2162 1635 10,
2229 1551 2286 1617 1.
2339 1551 2426 1637 4).
2520 1554 2752 1620 Oleum

407 1659 688 1741 denique
733 1661 804 1726 in
873 1662 1052 1729 dolia
1099 1684 1179 1729 ac
1240 1662 1451 1729 serias
1512 1663 1803 1728 infusum
1852 1661 2160 1728 conditur
2226 1661 2371 1726 loco
2418 1661 2617 1742 plano
2683 1660 2752 1726 in

408 1767 642 1833 cellam
690 1770 796 1849 (V.
843 1770 896 1835 I.
950 1768 1053 1853 13,
1103 1768 1176 1856 1;
1228 1770 1362 1836 Col.
1412 1770 1465 1836 Ι.
1517 1767 1576 1852 6,
1629 1767 1704 1855 9;
1752 1770 1909 1835 XII.
1960 1766 2065 1852 52,
2117 1766 2245 1850 10).

728 1943 1095 2011 Vinaria
1175 1945 1428 2010 cella
1509 1950 1766 2027 partem
1836 1943 2177 2011 desiderat
2257 1943 2589 2010 diversam
2667 1946 2753 2009 ad

409 2049 946 2135 septentrionem,
1013 2055 1185 2133 qnod
1249 2051 1466 2121 vinum
1535 2056 1603 2117 et
1666 2055 1820 2133 dum
1883 2050 2231 2118 conficitur
2278 2055 2347 2116 et
2395 2069 2540 2116 cum
2602 2070 2752 2116 con-

410 2158 692 2223 dendum
762 2158 1125 2241 repositum
1171 2165 1275 2226 est
1349 2158 1601 2243 frigore
1665 2163 1879 2243 magis
1937 2178 2131 2241 quam
2195 2160 2418 2225 calore
2480 2157 2754 2225 iuvatur

410 2263 515 2347 (V.
565 2265 611 2330 1.
661 2263 766 2347 13,
818 2263 887 2351 7;
953 2267 1027 2332 P.
1075 2266 1128 2332 Ι.
1179 2264 1284 2349 18,
1336 2265 1404 2352 1;
1467 2266 1650 2334 Vitv.
1700 2267 1816 2332 VI.
1869 2264 1928 2349 9,
1977 2265 2068 2347 2).
2160 2267 2530 2334 Praeterea
2607 2286 2752 2332 cum

408 2378 694 2439 noceant
755 2359 945 2440 vino·
974 2374 1178 2440 etiam
1246 2377 1480 2441 odores
1548 2374 1843 2441 acriores
1914 2379 1984 2440 et
2042 2374 2320 2458 horridi,
2384 2375 2582 2457 longe
2647 2377 2752 2438 est

411 2483 815 2548 removenda
854 2501 894 2548 a
940 2481 1219 2566 balneiS,
1283 2482 1588 2566 stabulis,
1639 2481 2098 2567 sterquiliniis,
2161 2482 2376 2564 furn0,
2421 2480 2751 2565 cisternis,

410 2587 598 2669 aquis
689 2588 1084 2656 salientibus
1167 2590 1332 2674 (Col.
1400 2592 1453 2657 Ι.
1528 2589 1586 2674 6,
1666 2589 1784 2676 11;
1861 2591 1937 2656 Ρ.
2006 2590 2061 2656 Ι.
2134 2588 2238 2674 18,
2307 2589 2378 2671 1)
2441 2594 2751 2671 certeque

409 2695 610 2762 etiam
659 2718 699 2762 a
760 2696 1020 2764 culinae
1070 2704 1312 2782 tractu,
1378 2718 1770 2781 quamquam
1826 2702 2258 2780 praetereunt
2331 2717 2478 2763 eum
2548 2696 2754 2779 scrip-

410 2807 610 2870 tores,
705 2803 851 2887 Qua
897 2825 970 2871 re
1019 2805 1513 2872 architecturae
1567 2804 2143 2892 praeclaris-simus
2190 2809 2419 2871 noster
2466 2803 2755 2885 scriptor

412 2912 584 2990 quod
634 2913 949 2995 torcular,
1001 2931 1276 2993 quocum
1325 2912 1637 2996 coniungi
1669 2912 1837 2979 velit
1886 2911 2120 2978 cellam
2155 2910 2500 2994 vinariam,
2534 2910 2755 2992 proxi-

409 3013 582 3083 mum
631 3018 890 3086 culinae
938 3040 1083 3086 esse
1130 3019 1335 3103 iubet,
1386 3040 1612 3087 errare
1644 3020 1933 3102 videtur,
1980 3019 2377 3101 praesertim
2404 3038 2550 3086 cum
2596 3018 2751 3084 huic

411 3126 678 3191 stabula
726 3146 981 3209 qnoque
1028 3128 1367 3194 existimet
1415 3130 1878 3212 coniungenda
1945 3129 2035 3211 (v.
2098 3130 2215 3195 VI.
2266 3127 2326 3211 9,
2375 3125 2464 3212 2).
2543 3129 2749 3194 Immo

410 3251 568 3299 vero
618 3252 762 3299 cum
810 3236 1108 3301 torcular
1155 3237 1518 3318 cellamque
1565 3236 1886 3302 oleariam
1932 3239 2020 3302 ad
2065 3236 2405 3301 meridiem
2452 3240 2521 3301 et
2566 3234 2754 3302 vina-

410 3339 579 3406 riam
627 3343 713 3407 ad
761 3343 1279 3425 septentrionem
1335 3349 1750 3427 spectantem
1807 3345 1927 3410 sub
1991 3363 2120 3410 uno
2196 3349 2377 3410 tecto
2440 3343 2752 3426 coniungi

410 3449 600 3515 nobis
690 3450 974 3516 maxime
1057 3451 1370 3518 videatur
1455 3451 1819 3534 probabile,
1900 3456 2185 3532 utraque
2254 3452 2547 3516 membra
2617 3451 2754 3516 lon-

412 3554 560 3638 gius
609 3577 650 3622 a
684 3556 905 3622 culina
937 3562 1194 3623 remota
1239 3557 1461 3640 potius
1509 3563 1818 3639 putamus
1851 3556 2077 3640 fuisse,
2128 3557 2437 3638 quoniam
2468 3576 2550 3623 ne
2585 3576 2755 3622 com-

410 3666 605 3729 moda
688 3664 951 3746 quidem
1038 3685 1232 3746 quam
1300 3664 1517 3747 poscit
1586 3664 1874 3746 scriptor
1948 3664 2355 3731 ministratio
2420 3664 2756 3744 ceterique

411 3771 648 3837 rustici
725 3776 1090 3854 apparatus
1151 3771 1613 3855 propinquitas
1675 3775 1761 3837 ad
1826 3792 1907 3838 ea
1953 3773 2121 3855 loca,
2184 3792 2352 3854 quae
2399 3792 2531 3839 non
2594 3771 2757 3838 coti-

417 3877 611 3944 diano
660 3879 843 3960 operi
891 3884 1045 3945 sunt
1093 3880 1453 3962 destinata,
1522 3879 1701 3945 tanti
1749 3873 1839 3946 sit
1885 3879 2218 3963 momenti,
2284 3885 2362 3947 ut
2406 3879 2755 3946 incommo-

419 3985 569 4048 dum
615 3986 889 4068 gravius
936 3987 1356 4071 neglegatur.

735 4160 959 4226 Cellae
1030 4159 1565 4226 distributionem
1653 4164 1735 4226 de
1812 4160 2062 4226 nostris
2140 4160 2403 4242 planius
2464 4160 2760 4243 explicat

412 4285 579 4334 unus
626 4267 974 4333 Palladius
1022 4267 1102 4350 (Ι.
1153 4265 1284 4338 18).
1380 4268 1737 4350 Comparat
1769 4268 2047 4334 formam
2089 4268 2230 4334 eius
2280 4287 2425 4335 cum
2456 4268 2756 4351 basilica,

413 4394 558 4440 cum
635 4375 886 4440 habeat
948 4374 1382 4442 calcatorium
1457 4377 1603 4443 loco
1683 4375 1925 4443 altiore
2003 4380 2473 4443 constructum.
2569 4377 2760 4461 Quod
