3392 5050
1520 405 1962 472 -14—

558 584 837 666 primum
901 583 1163 666 quidem
1233 580 1482 663 duplici
1528 580 1762 648 ordine
1831 586 2221 648 transverso
2271 585 2340 646 et
2401 580 2651 647 directo
2720 581 2912 646 tabu-

560 690 774 756 larum
821 708 1258 772 quernearum
1322 688 1432 756 vel
1480 688 1954 771 aesculearum,
2027 686 2267 753 deinde
2338 686 2611 753 inducto
2673 688 2914 752 rudere

561 817 643 863 ex
691 796 985 863 contusis
1033 795 1216 863 saxis
1263 814 1343 860 ac
1391 795 1592 878 calce,
1640 800 1785 860 tum
1834 792 2187 876 superfusa
2232 792 2546 876 mixtura,
2610 811 2740 875 qua
2807 810 2912 857 60-

562 909 720 971 eant
753 906 1072 970 carbones
1106 901 1342 969 obtriti
1388 921 1534 968 cum
1580 902 1906 970 sabulone
1953 905 2023 967 et
2068 899 2308 968 favilla
2355 904 2424 965 et
2471 900 2673 966 calce.
2723 898 2913 982 Quod

563 1011 931 1093 pavimenti
978 1029 1186 1093 genus
1219 1013 1325 1076 est
1359 1029 1505 1076 cum
1552 1008 1622 1075 in
1668 1008 1966 1075 hibernis
2015 1004 2341 1074 aedificiis
2405 1011 2678 1090 propter
2723 1005 2912 1072 sicci-

563 1122 774 1184 tatem
820 1123 890 1185 et
937 1118 1223 1185 calorem
1268 1121 1409 1182 tum
1454 1116 1524 1182 in
1569 1115 1904 1199 tricliniis,
1953 1115 2069 1181 ubi
2115 1113 2325 1181 effusa
2357 1113 2666 1181 celeriter
2689 1131 2912 1179 exsor-

563 1227 741 1291 beat.
863 1225 944 1290 In
1038 1224 1317 1291 aestivis
1396 1222 1823 1289 conclavibus
1899 1221 2351 1304 pavimentum
2420 1226 2526 1301 est
2602 1218 2911 1286 similiter

564 1338 934 1400 testaceum
981 1334 1091 1401 vel
1135 1331 1573 1398 marmoribus
1635 1329 1985 1413 quadratis
2044 1329 2155 1396 vel
2200 1328 2478 1395 tesseris
2526 1328 2569 1394 1.
2618 1349 2675 1394 6.
2725 1327 2910 1394 cubis

525 1441 849 1523 'lapideis
909 1441 1018 1508 vel
1094 1439 1374 1507 scutulis
1451 1438 1595 1506 sive
1662 1437 1935 1504 tabellis
2011 1436 2426 1503 tenuioribus
2498 1440 2911 1503 constratum

566 1547 638 1631 (Ι.
687 1545 747 1630 9,
798 1546 887 1631 5).

881 1703 1195 1768 Gamerae
1264 1701 1643 1768 efficiuntur
1692 1701 2016 1768 adhibitis
2086 1702 2320 1767 subtus
2392 1699 2731 1766 asseribus
2796 1720 2905 1766 611-

567 1809 783 1892 pressi
844 1829 924 1875 ac
989 1809 1220 1875 cannis
1289 1809 1502 1889 iisque
1566 1808 1777 1873 trulla
1835 1808 2050 1873 indito
2118 1826 2315 1889 opere
2376 1806 2687 1889 tectorio,
2737 1809 2911 1888 quod

567 1916 780 1998 ipsum
839 1934 1203 1981 marmoreo
1263 1915 1532 1997 pulvere
1580 1934 1726 1980 cum
1790 1915 1972 1981 calce
2036 1913 2365 1997 permixto
2434 1912 2773 1996 levigatur
2841 1917 2911 1979 et

570 2023 1003 2091 subtilissime
1048 2023 1300 2106 politur
1347 2024 1445 2105 (P.
1492 2023 1545 2088 I.
1604 2020 1737 2107 13).

877 2198 979 2263 De
1058 2215 1404 2263 mensurae
1473 2195 1736 2270 ratione
1807 2197 1893 2261 ad
1963 2194 2413 2261 cubiculorum
2483 2199 2553 2261 et
2627 2193 2908 2260 triclini-

569 2323 753 2370 orum
799 2303 1323 2387 magnitudinem
1390 2304 1726 2369 servanda
1803 2301 2150 2368 Palladius
2197 2303 2321 2368 1106
2398 2321 2597 2367 unum
2668 2301 2912 2368 statuit

570 2412 649 2496 (Ι.
701 2409 817 2496 12)
863 2410 1288 2476 alti-tudinem
1337 2409 1679 2491 aequalem
1728 2408 1875 2474 fieri
1937 2409 2251 2474 dimidiae
2297 2408 2479 2491 parti
2526 2408 2667 2475 eius
2713 2409 2907 2491 modi,

569 2539 759 2602 quem
812 2517 1111 2584 efficiant
1160 2520 1652 2583 consummatae
1700 2515 2140 2599 longitudinis
2189 2521 2258 2583 et
2304 2515 2688 2583 latitudinis
2734 2536 2910 2582 men-

568 2646 783 2710 surae,
833 2628 1008 2709 quod
1051 2626 1223 2691 idem
1271 2629 1498 2691 censet
1545 2624 1896 2691 Vitruvius
1942 2623 2030 2708 (V
2032 2624 2082 2688 Ι.
2135 2622 2195 2707 3,
2236 2621 2305 2710 83
2355 2623 2416 2707 5,
2470 2624 2534 2706 1)
2579 2624 2650 2690 in
2703 2622 2913 2706 longi-

567 2733 864 2800 tudinem
911 2732 1237 2815 duplicem
1283 2730 1664 2798 latitudinis
1711 2750 2084 2797 mensuram
2129 2732 2362 2798 utilem
2408 2730 2817 2798 existimans.

880 2924 1085 3008 Quem
1152 2924 1555 2991 intrinsecus
1633 2928 1976 3006 aspectum
2038 2923 2426 3006 praebuerit
2486 2923 2912 3014 praetorium,

567 3050 699 3098 non
774 3031 875 3098 ita
931 3031 1194 3114 copiose
1263 3037 1713 3113 exposuerunt
1788 3030 2023 3114 nostri,
2097 3031 2335 3113 quippe
2412 3030 2525 3113 qui
2594 3019 2915 3098 rusticam

567 3139 981 3222 potissimum
1025 3159 1163 3205 rem
1218 3144 1518 3205 tractare
1569 3138 1919 3206 voluerint.
2012 3140 2120 3204 Ex
2189 3157 2317 3204 uno
2394 3139 2696 3205 Varrone
2764 3157 2914 3221 cog-

567 3267 842 3314 noscere
887 3247 1047 3314 licet
1094 3246 1331 3331 obiter,
1381 3227 1702 3330 quomodo
1770 3247 2017 3315 divites
2087 3247 2349 3329 quidem
2396 3266 2707 3330 agrorum
2766 3264 2914 3327 pos-

568 3375 862 3423 sessores
937 3375 1060 3423 sua
1138 3355 1472 3421 domicilia
1547 3355 2039 3434 exornaverint.
2131 3337 2448 3439 Queritur
2493 3354 2666 3420 enim
2709 3351 2914 3418 nimia

569 3462 817 3529 aetatis
865 3481 1024 3529 suae
1070 3462 1338 3528 luxuria
1403 3465 1696 3529 urbanas
1743 3463 1945 3530 villas
2002 3462 2150 3530 fieri
2197 3482 2390 3545 quam
2451 3461 2773 3528 maximas
2835 3478 2913 3525 ac

568 3570 1002 3653 politissimas
1050 3570 1126 3654 (Ι.
1179 3568 1284 3653 13,
1313 3568 1399 3653 7),
1445 3575 1522 3636 ut
1568 3571 2014 3654 neglegantur
2059 3570 2354 3636 rusticae
2386 3569 2701 3651 rationes,
2751 3566 2912 3632 alio-

571 3697 695 3761 que
741 3678 886 3744 1060
935 3677 1085 3761 (ΙΙΙ,
1133 3674 1194 3761 2,
1245 3675 1318 3758 4)
1386 3682 1851 3743 commemorat
1900 3677 2189 3743 artificia
2259 3663 2516 3743 musiva
2563 3675 2631 3739 in
2697 3672 2911 3754 parie-

568 3785 749 3851 tibus
798 3804 878 3850 ac
923 3783 1323 3866 pavimentis
1373 3784 1797 3869 (emblemata
1830 3788 1899 3849 et
1932 3783 2370 3866 lithostrota),
2406 3780 2911 3864 pretiosissimo-

569 3912 713 3958 rum
782 3892 1183 3960 varietatem
1260 3892 1550 3958 colorum
1623 3891 1923 3973 (minium
2000 3896 2069 3957 et
2153 3888 2565 3970 armenium),
2643 3887 2914 3953 tectorii

570 4000 1003 4082 splendorem,
1084 4018 1274 4081 quem
1350 3997 1600 4064 efficiat
1680 3998 1921 4064 citrum
1981 4003 2050 4063 et
2109 4016 2360 4079 aurum,
2439 4000 2640 4076 atque
2710 3994 2915 4060 etiam

568 4106 1010 4192 bibliothecas
1079 4105 1227 4190 (cfr.
1299 4106 1422 4171 111.
1471 4103 1531 4187 1,
1612 4103 1724 4187 10)
1784 4105 2239 4187 pictorumque
2287 4108 2356 4169 et
2433 4101 2913 4168 statuariorum

571 4234 773 4297 opera
819 4213 963 4280 sedi
1007 4213 1302 4280 rusticae
1371 4212 1596 4279 decori
1642 4211 1850 4278 fuisse
1896 4211 2029 4276 iam
2093 4211 2214 4276 illa
2261 4214 2489 4277 aetate
2549 4210 2915 4291 putandum

571 4327 677 4388 est
719 4321 878 4409 (ΠΙ.
926 4318 988 4406 2,
1036 4318 1126 4407 8).
