3392 5050
1525 392 1920 462 -6-

545 569 730 652 regio
777 567 1020 650 vicina,
1069 588 1238 650 quae
1284 571 1607 651 praebeat
1653 575 1974 638 vecturae
2044 570 2544 654 commerciique
2614 591 2892 639 commo-

548 675 848 742 ditatem.
944 675 1324 756 Optandum
1402 676 1613 759 igitur
1688 677 1978 760 videtur,
2057 683 2133 744 ut
2206 678 2374 745 villa
2439 680 2619 745 haud
2694 681 2893 764 longe

548 784 727 850 absit
804 804 845 849 a
889 783 1155 851 flumine
1226 786 1312 849 ad
1388 784 1840 869 navigandum
1909 785 2146 851 idoneo
2207 786 2381 868 (Cat.
2432 785 2492 870 1,
2561 785 2636 873 33
2707 788 2787 854 V.
2835 788 2890 854 Ι.

551 888 653 975 16,
706 889 780 977 13
831 891 967 957 Col.
1015 891 1067 955 Ι.
1120 888 1180 973 2,
1232 888 1304 977 33
1354 891 1474 976 cfr.
1524 892 1696 958 Vitr.
1748 892 1799 957 I.
1850 889 1912 974 5,
1965 889 2030 975 1)
2083 893 2185 959 vel
2220 912 2261 957 a
2296 892 2467 959 mari
2512 895 2685 978 (Cat.
2722 892 2782 976 1,
2817 893 2892 980 33

551 999 686 1065 Col.
733 998 788 1064 Ι.
853 996 915 1081 2,
983 994 1071 1081 3),
1132 1000 1307 1079 quod
1368 1004 1616 1079 quanto
1687 1004 1937 1083 augeat
2003 998 2264 1082 praedii
2326 1001 2604 1084 reditus,
2675 996 2891 1073 Varro

550 1107 846 1188 exemplo
896 1108 1309 1172 demonstrat
1357 1105 1509 1189 (ΙΙΙ.
1560 1104 1620 1189 2,
1673 1104 1756 1171 17
1761 1107 1805 1191 )·.
1898 1106 2265 1173 Praeterea
2318 1108 2574 1190 priores
2631 1109 2894 1191 quidem

551 1213 724 1296 (Cat.
774 1211 834 1296 1,
885 1209 955 1297 33
1025 1213 1106 1278 V.
1153 1212 1207 1278 Ι.
1260 1208 1363 1295 16,
1415 1210 1488 1296 1)
1551 1213 1705 1279 viae
1767 1215 1980 1279 bonae
2046 1213 2454 1296 celebrisque
2515 1215 2893 1298 propinqui-

551 1323 763 1384 tatem
844 1317 1207 1401 postulant.
1303 1318 1492 1401 Quod
1569 1319 1806 1385 mirum
1881 1320 1952 1385 in
2027 1323 2289 1387 modum
2366 1322 2728 1388 Columella
2807 1321 2891 1406 (I.

552 1427 614 1510 5,
680 1423 719 1491 6
786 1415 910 1509 sq.)
986 1425 1201 1508 ipsum
1278 1426 1659 1492 desiderare
1734 1427 2003 1494 videtur
2078 1429 2501 1512 contrarium,
2580 1434 2657 1495 ut
2729 1428 2895 1496 villa

553 1534 783 1616 procul
860 1532 950 1599 sit
1029 1553 1069 1598 a
1144 1532 1423 1599 militari
1498 1533 1612 1601 via
1693 1538 1969 1617 propter
2051 1535 2619 1617 praetereuntium
2693 1556 2895 1620 popu-

552 1640 843 1706 lationes
907 1644 977 1705 et
1021 1639 1459 1720 hospitiorum
1513 1641 1905 1723 molestiam,
1967 1641 2076 1706 hic
2122 1643 2295 1708 idem
2342 1643 2529 1709 facili
2584 1643 2896 1710 mercium

556 1752 624 1814 et
670 1747 1006 1813 fructuum
1051 1751 1330 1838 vectura
1396 1753 1578 1813 certe
1640 1767 1771 1813 non
1819 1749 1965 1816 vult
2043 1768 2291 1834 carere,
2357 1752 2476 1817 sed
2534 1749 2636 1815 ita
2695 1749 2896 1817 velim

554 1857 729 1923 hunc
774 1853 1184 1936 intellegere,
1231 1859 1308 1919 ut
1354 1874 1486 1920 non
1531 1855 1660 1937 ipsi
1707 1855 1859 1922 viae
1907 1856 2215 1923 adiacere
2259 1858 2509 1942 villam,
2559 1860 2672 1924 sed
2736 1876 2897 1940 pau-

555 1963 761 2027 lulum
837 1964 1157 2027 remotam
1233 1964 1636 2044 eandemque
1715 1963 2162 2046 deverticulis,
2239 1969 2316 2030 ut
2390 1964 2679 2047 videtur,
2752 1984 2895 2031 cum

557 2089 801 2153 magna
845 2069 959 2137 via
1007 2067 1425 2135 coniunctam
1472 2089 1617 2136 esse
1663 2069 1830 2137 utile
1877 2070 2234 2137 existimet.

878 2265 973 2332 Ut
1018 2282 1177 2333 vero
1227 2282 1394 2345 quae
1420 2265 1527 2328 ad
1572 2262 1894 2329 rusticam
1956 2284 2096 2331 rem
2141 2265 2524 2331 necessaria
2592 2271 2747 2332 sunt
2816 2287 2899 2334 ex

561 2370 924 2453 propinquo
972 2373 1252 2453 ideoque
1298 2370 1550 2436 minore
1611 2376 1877 2453 sumptu
1921 2377 2330 2455 apparentur
2386 2373 2676 2456 itemque
2736 2394 2905 2456 quae

560 2481 748 2544 terra
792 2480 903 2548 vel
947 2478 1311 2563 pecudibus
1359 2478 1727 2561 gignuntur
1795 2479 2062 2547 facilius
2129 2484 2509 2547 vendantur
2567 2501 2646 2548 ac
2692 2481 2904 2548 maius

564 2583 849 2652 afferant
894 2587 1168 2670 lucrum,
1219 2585 1529 2669 oppidum
1574 2605 1708 2652 non
1754 2587 1855 2652 ita
1900 2608 2178 2670 parvum
2224 2608 2427 2671 prope
2476 2592 2709 2657 abesse
2743 2589 2904 2655 mul-

562 2694 702 2755 tum
776 2692 1061 2760 interest
1138 2693 1282 2760 Cat.
1334 2690 1392 2776 1,
1443 2691 1513 2778 3,
1584 2693 1662 2759 V.
1713 2694 1767 2759 Ι.
1835 2690 1939 2777 16,
1991 2692 2078 2778 3).
2158 2695 2464 2761 Ceterum
2509 2696 2700 2763 fundi
2755 2699 2905 2764 sub-

562 2799 802 2865 urbani
879 2801 1167 2867 cultores
1255 2820 1369 2867 eas
1467 2801 1690 2883 potius
1778 2802 2074 2869 sationes
2173 2803 2643 2885 pastionesque
2720 2804 2908 2886 sequi

564 2911 844 2989 oportet,
913 2927 1081 2989 quae
1159 2911 1413 2974 urbano
1483 2907 1767 2973 maxime
1823 2908 2124 2976 serviant
2191 2910 2360 2993 usui,
2439 2915 2514 2975 ut
2569 2930 2905 2993 pomorum

565 3032 769 3079 causa
817 3016 1094 3081 arbusta
1141 3019 1210 3081 et
1256 3016 1487 3081 hortos
1534 3015 1710 3098 (Cat.
1762 3013 1822 3100 7,
1874 3014 1950 3102 13
2000 3014 2061 3100 8,
2112 3015 2181 3099 2)
2227 3018 2336 3083 vel
2384 3020 2470 3082 ad
2514 3017 2712 3084 flores
2761 3036 2906 3102 pro-

566 3122 889 3188 creandos
933 3121 1240 3205 violaria,
1288 3121 1550 3189 rosaria
1598 3122 1863 3205 aliaque
1927 3123 2122 3191 huius
2167 3123 2345 3189 modi
2401 3124 2505 3204 (V.
2554 3124 2608 3190 Ι.
2660 3120 2764 3207 16,
2814 3120 2902 3209 3).

1151 3351 1237 3442 11.
1294 3350 1415 3442 De
1469 3349 1745 3443 villae
1798 3350 2317 3469 partitione.

886 3577 1192 3643 Discedit
1238 3577 1448 3644 totius
1495 3576 1702 3644 villae
1733 3582 1994 3645 tractus
2041 3582 2217 3662 apud
2250 3580 2609 3662 scriptores
2641 3585 2906 3647 nostros

567 3686 636 3752 in
685 3688 850 3751 duas
897 3684 1309 3766 potissimum
1369 3691 1619 3768 partes,
1679 3704 1956 3766 quarum
2019 3705 2152 3751 una
2217 3692 2321 3753 est
2383 3687 2628 3752 domini
2693 3689 2903 3770 sedes,

570 3812 765 3875 quam
811 3792 1222 3857 urbanam
1269 3791 1498 3858 villam
1544 3797 1792 3859 vocant
1826 3791 1990 3857 Cato
2037 3793 2121 3879 (c.
2156 3790 2244 3875 4),
2295 3795 2509 3859 Varro
2560 3793 2641 3877 (Ι.
2683 3791 2785 3877 13,
2816 3792 2903 3879 6),

571 3899 931 3966 Columella
979 3898 1054 3983 (Ι.
1107 3896 1166 3981 6,
1219 3896 1307 3983 1),
1356 3897 1701 3965 Palladius
1746 3917 1879 3965 11011
1924 3897 2149 3981 inepte
2181 3900 2674 3982 comparatione
2719 3902 2905 3968 adhi-

568 4005 715 4071 bita
792 4023 936 4069 cum
1006 4004 1247 4071 castris
1317 4004 1720 4072 militaribus
1795 4006 2221 4088 praetorii
2295 4007 2556 4073 nomine
2629 4011 2906 4076 denotat

571 4111 655 4196 (I.
706 4108 767 4194 8,
817 4108 907 4194 2),
957 4111 1175 4177 altera
1245 4116 1512 4177 constat
1571 4130 1656 4177 ex
1717 4111 1989 4178 rusticis
2060 4112 2357 4197 fabriciS,
2420 4132 2551 4195 qua
2619 4136 2692 4182 re
2761 4135 2905 4182 cum

573 4218 823 4285 artiore
901 4221 1182 4300 quodam
1242 4237 1439 4300 sensu
1472 4218 1724 4284 ·rusti
1745 4238 1779 4284 c
1800 4239 1841 4284 a
1900 4219 2066 4285 villa
2119 4220 2518 4287 nominatur.
2611 4221 2905 4288 Tertiam

572 4330 828 4410 partem
872 4325 1328 4408 fructuariam,
1393 4344 1589 4408 quam
1650 4326 1937 4393 secludit
1995 4327 2347 4410 partiendo
2417 4328 2777 4394 Columella
2823 4326 2901 4413 (I.
