3392 5050
1554 390 1635 399 ..-
1729 348 1770 418 4
1863 390 1949 400 .,.

580 526 745 595 serit
792 534 861 596 et
908 529 990 595 de
1036 529 1293 594 urbana
1338 534 1533 610 parte
1581 534 1650 593 et
1699 530 1779 592 de
1825 529 2100 596 rustica.
2172 530 2370 597 Hanc
2412 531 2675 614 planius
2724 549 2919 612 quam

578 636 760 701 illam
808 636 1100 717 explicat
1132 636 1369 701 Varro,
1456 635 1619 699 Cato
1667 653 1826 701 vero
1877 656 1916 700 a
1962 656 2034 701 re
2084 638 2212 702 sibi
2243 638 2584 720 proposita
2631 638 2916 703 alienum

577 748 815 827 putare
888 743 1157 810 'videtur
1218 742 1445 809 villam
1510 741 1722 822 ipsam
1809 743 2203 826 describere,
2271 749 2346 809 ut
2412 764 2494 810 ex
2538 744 2915 827 praeceptis

577 850 716 917 eius
764 850 896 917 nisi
951 855 1219 916 exstare
1254 850 1426 914 hanc
1474 849 1743 931 illamve
1763 855 2048 930 ‚partem
2096 853 2263 917 nihil
2325 853 2529 918 liceat
2577 853 2912 935 colligere.

572 957 919 1023 Palladius
967 955 1249 1037 denique
1296 955 1498 1023 villae
1547 955 1990 1036 descriptioni
2045 977 2189 1024 cum
2238 959 2495 1025 tribuat
2542 959 2712 1026 satis
2761 960 2911 1043 loci,

573 1069 760 1130 caret
805 1070 1047 1146 tamen,
1101 1066 1271 1145 quod
1323 1064 1749 1129 Columellam
1796 1065 2077 1133 maxime
2122 1067 2572 1151 transcripsit,
2623 1068 2913 1134 auctori-

569 1175 715 1238 tate
762 1172 1156 1254 paulumque
1205 1170 1401 1236 affert
1446 1170 1622 1237 novi.

887 1353 1033 1436 Qua
1079 1373 1152 1419 re
1198 1352 1268 1417 in
1297 1350 1719 1433 perlegendis
1765 1349 1870 1416 his
1909 1351 2366 1435 scriptoribus,
2416 1371 2690 1433 quorum
2724 1359 2908 1420 aeta-

567 1460 747 1525 tibus
816 1465 1116 1542 tempora
1183 1459 1605 1524 interiacent
1642 1458 1989 1523 admodum
2046 1479 2307 1541 magna,
2372 1463 2448 1524 ut
2508 1460 2909 1542 respiciatur

566 1566 854 1649 spatium
900 1571 1348 1633 sescentorum
1396 1565 1536 1630 fere
1585 1584 1923 1646 annorum,
1974 1584 2118 1629 cum
2152 1585 2346 1646 quam
2395 1565 2905 1649 diligentissime

564 1674 889 1740 rationem
935 1675 1267 1750 haberem,
1315 1673 1629 1754 numquid
1676 1672 2045 1754 posteriore
2100 1677 2327 1738 aetate
2375 1675 2456 1739 de
2501 1673 2743 1756 prioris
2788 1677 2904 1741 ha-

562 1782 743 1848 bitus
789 1782 1003 1848 forma
1048 1786 1227 1847 esset
1272 1785 1617 1862 mutatum,
1666 1785 1938 1861 praeter
1985 1800 2084 1861 ea,
2135 1799 2304 1861 quae
2350 1799 2601 1847 morum
2638 1782 2902 1866 elegan-

560 1889 662 1955 tia
707 1888 1037 1971 prioribus
1087 1888 1353 1969 adiecit,
1402 1887 1779 1954 universam
1827 1887 2116 1969 partium
2166 1887 2666 1970 dispositionem
2706 1908 2901 1956 unam

559 1995 700 2062 fere
746 2000 1015 2077 exstare
1061 1995 1299 2061 inveni.

875 2209 1114 2289 Itaque
1160 2207 1483 2272 Varronis
1553 2212 1622 2273 et
1671 2207 2070 2272 Columellae
2127 2206 2541 2288 potissimum
2572 2249 2577 2254 -
2612 2207 2899 2274 auctori·

554 2321 763 2382 tatem
810 2316 1210 2396 sequendam
1257 2333 1402 2380 esse
1451 2313 1771 2379 arbitrati
1817 2314 1948 2379 iam
1995 2313 2209 2395 ipsam
2256 2313 2726 2398 aggrediamur
2755 2336 2896 2382 rem

553 2423 962 2507 propositam
1007 2422 1125 2505 ita,
1198 2428 1273 2487 ut
1337 2422 1557 2504 priore
1619 2426 1814 2503 parte
1874 2421 2079 2487 villae
2136 2421 2354 2503 situm,
2418 2422 2637 2486 altera
2683 2421 2892 2504 ipsius

553 2531 1064 2614 descriptionem
1113 2531 1395 2597 divisam
1441 2549 1670 2595 rursus
1719 2529 1788 2593 in
1819 2535 2079 2610 partem
2110 2531 2434 2594 urbanam
2465 2534 2534 2595 et
2571 2531 2893 2597 rusticam

550 2638 994 2722 expediamus.

955 2903 1009 2993 1.
1076 2900 1197 2992 De
1249 2897 1525 2991 villae
1579 2896 1771 2990 situ
1825 2899 1919 2990 et
1974 2897 2464 2995 vicinitate.

858 3111 1151 3177 Primum
1217 3109 1477 3191 quidem
1524 3108 1583 3174 si
1640 3108 1772 3173 loci
1834 3106 2326 3174 consideramus
2383 3112 2713 3190 naturam,
2773 3125 2884 3190 op-

537 3220 768 3286 timam
814 3238 960 3285 esse
1007 3216 1207 3283 medii
1255 3216 1444 3281 collis
1490 3215 1888 3298 positionem
1935 3234 2157 3282 omnes
2203 3214 2419 3282 nostri
2459 3213 2883 3280 consentiunt

538 3328 758 3410 (V'arr.
819 3326 874 3391 Ι.
925 3323 1029 3408 13,
1080 3322 1119 3389 7
1139 3349 1154 3410 3
1227 3323 1362 3389 Col.
1409 3323 1464 3387 Ι.
1531 3321 1592 3405 4,
1660 3321 1764 3389 10.
1824 3322 1885 3407 5,
1936 3322 1975 3389 7
1994 3349 2009 3408 3
2073 3323 2241 3388 Pall.
2306 3322 2359 3387 Ι.
2433 3319 2494 3404 5,
2544 3318 2612 3405 5)
2674 3320 2882 3403 respi-

536 3434 787 3501 cientes
837 3433 1011 3498 aeris
1060 3430 1609 3513 temperationem
1656 3432 1763 3513 (V.
1812 3431 1865 3497 Ι.
1917 3428 2021 3514 12,
2072 3427 2141 3517 33
2192 3430 2327 3496 Col.
2379 3431 2430 3495 I.
2478 3427 2541 3514 4,
2591 3428 2709 3517 103
2760 3429 2879 3496 cfr.

532 3541 706 3607 Vitr.
754 3540 808 3605 Ι.
858 3537 919 3623 4,
987 3537 1056 3624 1)
1120 3538 1222 3602 ita
1269 3541 1343 3601 ut
1390 3536 1614 3619 sperni
1669 3537 1885 3605 velint
1942 3542 2011 3603 et
2066 3537 2310 3603 montis
2377 3537 2639 3602 altioris
2706 3555 2878 3603 sum-

529 3668 702 3714 mam
760 3651 1017 3729 partem
1082 3646 1247 3727 (Col.
1296 3645 1350 3710 Ι.
1417 3642 1478 3728 4,
1543 3643 1662 3728 1Ο;
1730 3644 1820 3710 Π.
1866 3643 1946 3728 2,
2007 3642 2071 3722 1)
2144 3649 2214 3710 et
2278 3643 2523 3710 vallem
2581 3642 2874 3708 infimam

528 3756 633 3840 (V.
682 3755 736 3822 Ι.
789 3751 892 3837 12,
942 3750 1011 3838 3;
1063 3753 1198 3818 Col.
1246 3752 1300 3817 Ι.
1350 3749 1411 3834 4,
1462 3749 1580 3836 103
1628 3752 1705 3816 P.
1754 3751 1808 3816 Ι.
1860 3749 1919 3834 3,
1973 3748 2104 3833 16),
2152 3750 2338 3815 1113111
2383 3755 2657 3831 propter
2716 3768 2874 3816 ven-

524 3868 742 3928 torum
789 3861 1222 3943 imbriumque
1270 3859 1697 3943 gravitatem,
1746 3860 1920 3924 hanc
1968 3856 2249 3925 cavendi
2297 3876 2501 3923 causa
2544 3856 2875 3926 aestivum

522 3970 853 4037 fervorem
939 3968 1413 4049 hibernumque
1501 3966 1737 4050 friguS‚
1829 3966 2111 4031 maxime
2183 3969 2405 4031 autem
2480 3966 2872 4032 nebularum

519 4078 911 4143 molestiam.
1005 4078 1196 4142 Mons
1242 4095 1447 4159 prope
1506 4076 1738 4143 villam
1798 4095 2155 4158 assurgens
2221 4075 2503 4141 tutelam
2548 4078 2873 4158 praebeat

517 4189 867 4253 ventorum
913 4184 1132 4266 sitque
1179 4185 1262 4249 ob
1307 4186 1433 4250 hoc
1479 4184 1692 4267 ipsum
1732 4189 1801 4250 et
1847 4184 2224 4267 pastionum
2275 4203 2481 4250 causa
2535 4182 2868 4251 silvestris

519 4294 621 4363 vel
682 4310 1063 4358 nemorosus
1132 4292 1236 4375 (V.
1299 4291 1352 4356 I.
1406 4288 1507 4373 12,
1574 4289 1647 4375 1;
1720 4291 1856 4357 Col.
1914 4291 1967 4356 I.
2019 4289 2081 4374 2,
2131 4289 2215 4377 33
2273 4291 2363 4357 ΙΙ.
2424 4288 2485 4374 2,
2546 4287 2619 4368 1;
2678 4290 2753 4355 P.
2812 4289 2866 4354 Ι.
