3392 5050
1442 437 1525 448 .-.
1618 398 1703 466 35
1796 436 1938 515 ..i

491 572 849 639 multitudo
896 573 1249 654 quotannis
1298 578 1498 656 capta
1545 576 1629 639 ad
1678 573 2019 656 epularum
2066 593 2254 641 usum
2299 582 2597 656 paratur.
2685 575 2831 659 Qua

491 698 565 745 re
609 678 931 745 eiusmodi
990 679 1327 745 ornithoni
1375 682 1615 747 desunt
1664 681 1929 758 cubilia,
1978 680 2117 763 pali
2164 686 2426 747 tantum
2490 681 2559 747 in
2621 682 2834 765 parie-

493 786 673 852 tibus
721 785 968 852 circum
1014 785 1202 852 infixi
1249 791 1317 853 et
1366 787 1767 870 tegeticulas
1838 788 2164 854 habentes
2212 788 2621 854 cannabinas
2684 808 2834 871 cap-

492 892 671 975 tivis,
719 893 834 958 ubi
882 892 1206 976 assidant,
1256 892 1707 976 assignantur,
1758 895 1944 961 velut
1989 902 2082 959 tu
2106 898 2249 960 rtu
2273 914 2308 959 r
2330 913 2456 959 um
2500 894 2833 960 habitatio

492 998 894 1065 describitur
941 1002 1116 1082 apud
1162 1002 1529 1067 Varronem
1575 1000 1731 1080 (ΙΙΙ.
1783 998 1852 1081 8)
1900 1006 1970 1067 et
2017 1002 2443 1068 Columellam
2477 1002 2690 1087 (VIII.
2746 999 2833 1086 9).
2928 995 2935 1000 ’

358 1190 363 1195 .
493 1105 799 1172 Ceterum
866 1108 1033 1173 haec
1098 1107 1332 1174 similis
1402 1113 1507 1174 est
1568 1108 1987 1191 peristeroni,
2059 1127 2205 1175 cum
2268 1110 2518 1175 habeat
2592 1108 2835 1175 ostium

490 1215 560 1277 et
618 1210 971 1298 fenestraS,
1032 1213 1324 1296 parietes
1372 1235 1451 1281 00
1513 1234 1811 1282 cameras
1865 1215 2149 1282 tectorio
2214 1216 2461 1298 politas
2526 1215 2834 1282 similem-

491 1338 617 1401 que
663 1323 925 1388 modum
972 1340 1211 1402 aquam
1248 1327 1318 1387 et
1366 1320 1581 1388 cibum
1629 1321 1970 1388 afferendi.
2049 1321 2200 1388 Pan·
2232 1327 2455 1388 autem
2486 1326 2556 1388 et
2597 1321 2834 1388 mutuli

490 1448 610 1510 per
656 1427 916 1496 ordines
962 1427 1211 1510 parieti
1275 1437 1431 1495 sunt
1493 1429 1742 1512 adacti,
1816 1448 2089 1511 quorum
2163 1429 2424 1496 infimus
2491 1430 2575 1497 ab
2639 1430 2833 1515 humo

490 1534 708 1603 tribus
753 1535 1051 1619 pedibus,
1101 1555 1387 1603 summus
1435 1557 1476 1613 a
1525 1556 1789 1603 camera
1835 1536 2166 1618 semipede
2215 1535 2446 1603 distat.
2510 1537 2682 1603 Rete
2728 1536 2833 1602 his

488 1642 762 1709 mutulis
809 1642 1193 1726 praetendit
1242 1643 1604 1709 Columella
1650 1644 1714 1726 (ξ
1764 1641 1854 1725 3),
1902 1644 2120 1709 Varro
2166 1662 2298 1708 non
2343 1642 2522 1710 item.
2634 1644 2832 1725 Apud

489 1751 864 1818 Palladium
941 1751 1023 1836 (I.
1102 1749 1214 1836 25)
1295 1757 1628 1818 turturum
1708 1753 1899 1818 sedes
1979 1751 2367 1818 columbarii
2444 1752 2653 1817 cellae
2729 1756 2833 1818 est

427 1868 435 1876 ”
490 1859 792 1926 subiecta
852 1859 1011 1925 item
1070 1878 1149 1925 ac
1215 1864 1246 1925 t
1270 1878 1312 1924 11
1337 1880 1373 1924 1·
1399 1861 1440 1924 d
1463 1877 1728 1941 orum,
1803 1877 2078 1940 quorum
2140 1858 2354 1924 hieme
2418 1857 2832 1940 potissimum

491 1971 567 2032 ut
613 1967 875 2033 illorum
935 1970 1021 2033 ad
1090 1966 1324 2035 messis
1385 1969 1644 2047 tempus
1710 1965 1788 2030 fit
1849 1965 2113 2031 sartura
2177 1965 2282 2051 (V.
2329 1965 2456 2030 III.
2506 1963 2567 2048 5,
2618 1962 2692 2049 73
2754 1965 2829 2030 P.

492 2074 685 2140 XIII.
735 2073 819 2157 6).
911 2075 1013 2141 Ac
1071 2073 1287 2140 turdis
1343 2073 1555 2139 maior
1611 2092 1813 2154 opera
1883 2077 1951 2140 et
2011 2073 2308 2155 impensa
2376 2091 2571 2155 quam
2615 2077 2832 2139 turtu-

489 2181 672 2248 ribus
723 2180 1041 2248 tribuitur
1087 2181 1292 2262 (VIlI.
1343 2179 1448 2263 10,
1500 2179 1587 2259 1).
1637 2181 1855 2246 Varro
1904 2180 2059 2263 (III.
2108 2181 2170 2263 5,
2219 2178 2255 2246 1
2308 2180 2433 2262 sq.)
2480 2179 2683 2246 etiam
2727 2179 2831 2246 his

489 2287 893 2355 testudinem
970 2288 1276 2371 assignat
1366 2306 1693 2371 magnam,
1775 2306 1943 2368 quae
2019 2286 2231 2369 possit
2309 2286 2562 2369 aliquot
2644 2286 2831 2353 milia

493 2393 714 2461 avium
782 2394 1096 2476 recipere.
1190 2394 1451 2461 Ostium
1515 2393 1593 2459 fit
1651 2398 2007 2477 angustum
2078 2394 2329 2460 0001100
2391 2392 2610 2460 instar
2667 2392 2712 2459 i.
2777 2411 2830 2458 e.

491 2500 691 2568 facile
735 2504 1144 2586 movendum,
1193 2501 1532 2569 fenestrae
1578 2500 1961 2568 rarissimae
2008 2506 2182 2586 sunt,
2233 2521 2315 2567 ne
2364 2520 2509 2568 cum
2553 2500 2831 2569 videant

491 2628 652 2676 aves
699 2608 865 2675 foris
914 2612 1207 2692 arbores,
1272 2610 1440 2675 fiant
1488 2609 1880 2675 maestiores
1939 2614 2008 2674 et
2076 2609 2448 2675 tabescant.
2542 2609 2830 2675 Praeter

493 2716 677 2800 palos
725 2717 917 2783 sedes
964 2721 1237 2783 exstant
1299 2716 1502 2782 etiam
1578 2715 1647 2781 in
1725 2714 1999 2799 perticis
2069 2736 2152 2783 ex
2215 2717 2409 2780 11111110
2486 2718 2574 2781 ad
2642 2714 2830 2798 palos

492 2822 830 2890 inclinatis
879 2822 1159 2905 aliisque
1207 2827 1294 2889 ad
1339 2825 1461 2890 has
1520 2823 1947 2907 transversiS,
2009 2842 2179 2905 quae
2231 2821 2527 2889 efficiant
2573 2822 2829 2889 0011001-

490 2930 700 2997 lorum
793 2930 984 3013 quasi
1049 2929 1451 2997 scenicorum
1518 2936 1877 3013 aspectum.
1969 2931 2239 2997 Necnon
2307 2929 2377 2995 in
2443 2930 2588 3012 ipso
2656 2927 2830 2995 orni-

489 3038 691 3105 thone
737 3042 894 3106 sunt
942 3028 1187 3106 caveae
1232 3038 1519 3106 minores
1567 3056 1716 3104 cum
1760 3039 2086 3105 tabulatis
2117 3038 2373 3121 pariter
2404 3040 2596 3105 sedes
2642 3056 2831 3121 prae·
2886 3042 2889 3045 ’

488 3146 817 3213 bentibus.
901 3146 1258 3212 Admotum
1307 3149 1853 3212 commemoratur
1898 3145 2330 3212 minusculum
2400 3144 2830 3212 seclusorium

488 3252 838 3338 illustrius,
887 3274 1013 3336 quo
1062 3254 1294 3337 optimi
1340 3254 1843 3321 transferuntur
1874 3253 2057 3320 turdi
2088 3255 2176 3320 ad
2210 3272 2438 3319 cenam
2463 3251 2827 3336 occidendi,

490 3358 801 3446 aliudque
848 3360 1191 3442 aviarium,
1242 3361 1312 3426 in
1360 3380 1485 3442 qno
1536 3366 1808 3427 curator
1852 3365 2146 3426 mortuos
2194 3364 2421 3428 servet
2491 3361 2577 3424 ad
2623 3358 2829 3425 ratio-

487 3486 636 3532 nem
715 3467 973 3533 domino
1052 3470 1471 3535 reddendam.
1565 3470 1762 3550 Aqua
1822 3470 1952 3534 huc
2016 3488 2271 3550 quoque
2340 3486 2459 3550 per
2536 3467 2829 3533 fistulam

491 3575 783 3640 adducta
828 3574 898 3639 in
945 3574 1287 3641 canalibus
1336 3577 1536 3640 datur
1598 3578 1680 3641 ad
1732 3574 2103 3659 bibendum,
2172 3594 2467 3656 quaeque
2532 3576 2831 3640 abundat

487 3699 608 3761 per
650 3680 943 3747 fistulam
987 3700 1216 3749 rursus
1263 3680 1424 3748 exit.

809 3875 1034 3942 Simile
1096 3877 1472 3960 fingendum
1540 3876 1806 3944 videtur
1871 3878 2045 3959 quod
2110 3876 2470 3943 Columella
2542 3875 2833 3942 exstruit

491 3984 696 4067 (VIII.
748 3981 862 4066 10)
907 3986 1249 4050 turdorum
1283 3984 1669 4066 cubiculum,
1719 3984 1849 4051 nisi
1882 3988 2055 4066 quod
2098 3989 2180 4053 de
2210 3986 2357 4052 luce
2409 4004 2489 4051 ac
2517 3982 2832 4050 fenestris

491 4092 576 4156 ab
628 4089 814 4156 illius
860 4092 968 4158 vel
1016 4091 1298 4158 maxime
1369 4093 1684 4158 abhorret
1732 4092 2196 4175 descriptione.
2288 4094 2455 4161 Nam
2516 4111 2661 4158 cnm
2719 4089 2833 4155 ille

489 4200 752 4262 tantum
798 4197 966 4264 lucis
1014 4200 1194 4265 sinat
1243 4199 1529 4283 admitti,
1579 4205 1653 4265 ut
1703 4220 1863 4267 aves
1918 4201 2194 4268 videant
2260 4203 2503 4283 sedem,
2576 4216 2830 4280 aquam,

491 4302 727 4390 cibum,
775 4305 885 4375 hic
918 4306 1300 4375 desiderare
1332 4307 1566 4374 turdos
1612 4306 1775 4375 item
1808 4326 1888 4373 ac
1922 4310 2258 4375 columbas
2292 4305 2834 4460 apricum3lkocum
