3392 5050
1617 368 2055 444 *20*

663 547 898 635 quibus
945 570 1187 636 pecora
1246 556 1554 619 deessent
1603 552 1766 633 (Col.
1815 551 1904 636 ΙΙ,
1956 550 2060 636 14,
2112 550 2199 636 7),
2249 572 2417 635 qnae
2464 557 2688 620 tamen
2756 548 3006 620 colonis

659 661 946 744 propriis
994 659 1312 727 armentis
1361 649 1706 726 utentibus
1752 659 2079 741 permissa
2125 660 2420 741 equidem
2471 661 2881 744 intellegam.

979 809 1202 888 Atque
1236 858 1241 867 .
1278 807 1348 872 in
1423 806 1773 888 pecoribus
1849 807 2129 888 primum
2203 813 2272 872 et
2364 807 3009 889 praestantissimum

660 918 876 984 Varro
928 915 1172 981 statuit
1210 916 1445 981 bovem
1490 913 1604 997 (ΙΙ.
1655 912 1716 996 1,
1768 911 1885 998 1Ο;
1933 911 1994 996 5,
2037 912 2111 999 33
2163 913 2280 980 cir.
2332 915 2464 980 Col.
2511 915 2625 981 VI.
2666 914 2870 996 praef.
2918 913 3005 995 7),

573 1036 579 1041 ·
658 1024 766 1089 Ex
815 1023 1058 1089 ceteris
1118 1021 1655 1102 quadrupedibus
1720 1026 2192 1087 commemoratx
2235 1022 2418 1087 Cato
2481 1040 2682 1102 equos
2744 1023 2776 1104 ζ
2779 1043 2831 1088 6.
2874 1020 3008 1106 14),

660 1151 817 1199 oves
894 1131 980 1213 (c.
1059 1133 1120 1211 5,
1200 1127 1275 1214 1;
1354 1127 1458 1210 30,
1539 1125 1644 1209 37,
1735 1125 1824 1209 2),
1905 1147 2056 1194 sues
2119 1130 2203 1209 (c.
2274 1125 2474 1214 134);
2564 1129 2700 1195 alia
2762 1149 3011 1212 genera

664 1237 1012 1320 complecti
1058 1237 1328 1303 videtur
1385 1232 1677 1317 pecoris
1713 1234 2203 1317 significatione
2273 1235 2580 1317 opposita
2627 1237 2839 1303 bubus
2901 1238 3009 1303 vel

659 1345 969 1412 iumentis
1014 1346 1096 1426 (c.
1150 1343 1210 1426 5,
1253 1340 1355 1428 7);
1424 1344 1640 1408 Varro
1688 1347 2033 1408 enumerat
2080 1342 2193 1423 (ΙΙ.
2243 1341 2303 1424 1,
2353 1339 2468 1425 12)
2517 1362 2694 1425 oves,
2753 1364 3007 1427 capros.

659 1473 829 1537 sues,
877 1454 1100 1536 boveS,
1150 1451 1392 1532 asinos,
1441 1469 1663 1532 equos,
1713 1451 1941 1532 mulos,
1993 1469 2210 1533 canes,
2260 1453 2616 1530 eademque
2649 1452 3011 1518 Columella

656 1560 798 1644 (VI.
845 1558 1055 1642 praei.
1115 1556 1180 1642 6)
1244 1563 1313 1623 et
1358 1557 1568 1624 variis
1617 1577 1735 1638 per
1783 1557 2192 1623 occasionem
2261 1556 2426 1624 locis
2473 1557 2820 1625 Palladius
2866 1557 3007 1641 (IV.

660 1664 764 1749 11,
815 1664 915 1731 13.
965 1663 1085 1751 143
1135 1665 1307 1730 vm.
1357 1662 1431 1749 43
1482 1664 1639 1729 XII.
1689 1661 1822 1746 13).

977 1814 1186 1877 Boum
1263 1816 1485 1877 autem
1564 1813 1692 1876 duo
1770 1809 2085 1876 videntur
2170 1810 2646 1893 distinguenda
2738 1833 3005 1897 genera,

655 1940 873 2002 unum,
925 1922 1098 2001 quod
1144 1924 1221 1984 nt·
1268 1918 1419 1999 eqni
1467 1920 1553 1983 ad
1615 1916 1903 1983 rusticos
1953 1917 2310 1982 adhibetur
2366 1918 2651 2001 laboreS,
2702 1919 3005 2002 alterum,

659 2031 832 2109 quod
882 2026 1143 2092 domino
1191 2025 1448 2091 reditus
1497 2024 1749 2109 faciat;
1797 2023 1964 2087 illud
2013 2023 2187 2089 omni
2237 2029 2530 2106 tempore
2579 2025 2735 2090 anni
2778 2027 3005 2092 stabu-

661 2137 844 2202 latur
891 2140 960 2201 et
1006 2135 1211 2199 habet
1258 2131 1551 2215 duplicia
1600 2130 1874 2212 bubilia,
1942 2130 2221 2196 hiberna
2268 2136 2471 2212 atque
2534 2132 2798 2199 aestiva
2845 2133 3007 2217 (Col.

659 2245 706 2308 I.
757 2240 816 2324 6,
872 2239 961 2325 4),
1010 2243 1135 2306 1166
1183 2240 1396 2306 11161116
1458 2244 1723 2304 tantum
1770 2237 1951 2304 subit
2023 2242 2274 2304 tectum
2323 2239 2505 2322 (C-olj
2535 2240 2586 2304 Ι.
2637 2237 2696 2322 6,
2777 2237 2847 2325 4;
2896 2241 3007 2305 VI.

657 2350 716 2434 3,
768 2349 853 2434 1).
960 2350 1323 2414 Praeterea
1405 2344 1630 2428 magni
1709 2364 1963 2427 quoque
2040 2365 2278 2429 greges
2355 2346 2551 2429 longe
2614 2367 2655 2412 a
2712 2347 2879 2414 villa
2940 2347 3007 2412 in

653 2457 916 2541 pascuis
963 2456 1313 2538 habentur,
1372 2452 1482 2536 qui
1544 2451 1757 2518 hieme
1806 2471 2060 2534 qnoque
2106 2457 2376 2519 manent
2424 2455 2545 2520 snb
2596 2454 2747 2521 divo
2798 2454 3007 2519 clausi

651 2584 771 2647 per
815 2569 1076 2629 noctem
1138 2562 1321 2626 intra
1370 2566 1612 2643 saepta
1661 2564 1747 2626 ad
1793 2561 2134 2627 meridiem
2182 2562 2562 2644 spectantia
2608 2563 2772 2628 locis
2840 2582 3001 2628 sane

654 2670 898 2753 apricis
946 2674 1014 2734 et
1062 2668 1120 2734 si
1165 2668 1312 2733 fieri
1359 2672 1604 2750 potest,
1668 2667 2023 2734 maritimis
2084 2669 2196 2754 (V.
2245 2669 2336 2735 ΙΙ.
2386 2667 2447 2752 5,
2498 2667 2638 2755 11.;
2704 2670 2839 2735 Col.
2887 2670 2998 2734 VI.

654 2776 761 2863 22,
813 2776 900 2862 1.;
949 2778 1024 2841 Ρ.
1074 2777 1188 2841 IV.
1238 2773 1344 2857 11,
1394 2772 1482 2858 7).
2941 2767 2948 2775 “

973 2923 1100 2989 Sed
1152 2925 1232 2987 de
1281 2922 1692 2987 stabulorum
1740 2922 1809 2987 in
1856 2921 2004 3004 ipsa
2051 2923 2215 2989 villa
2247 2923 2382 2988 situ
2415 2942 2450 2988 e
2482 2922 2772 2988 Palladii
2809 2940 2998 3002 prae-

654 3030 886 3113 ceptis,
938 3048 1106 3110 qnae
1155 3035 1426 3095 exstant
1475 3033 1649 3112 apud
1696 3036 1964 3096 nostros
2011 3050 2162 3112 nna,
2214 3032 2393 3095 hand
2424 3029 2624 3094 facile
2656 3033 2999 3093 statuatur

654 3157 853 3203 unum
922 3137 1233 3218 quiddam
1295 3157 1374 3203 ac
1434 3144 1967 3220 consentaneum,
2038 3137 2343 3218 qnoniam
2405 3136 2682 3201 formam
2744 3154 3000 3216 semper

650 3251 718 3311 et
764 3245 1004 3325 ubique
1052 3243 1398 3327 usitatam,
1449 3264 1617 3325 qnae
1662 3250 1899 3327 pateat
1945 3245 2016 3309 in
2062 3242 2544 3326 longitudinem
2593 3241 2998 3309 transversis

652 3356 737 3419 ad
785 3372 930 3417 eam
976 3352 1276 3433 bovibus,
1331 3352 1472 3418 eius
1521 3372 1777 3433 quoque
1827 3355 2054 3417 aetate
2102 3356 2439 3417 servatam
2486 3352 2840 3415 tenendum
2872 3355 2997 3415 est.

650 3461 965 3525 Formam
1023 3463 1244 3523 autem
1292 3478 1365 3523 re
1412 3479 1575 3525 vera
1620 3460 1973 3543 oblongam
2020 3458 2227 3526 fnisse
2288 3458 2587 3541 sequitur
2656 3457 2857 3522 etiam
2917 3476 2999 3520 ex

652 3565 1056 3631 Columellae
1103 3585 1411 3632 mensura
1457 3566 1536 3649 (I.
1591 3564 1650 3648 6,
1703 3564 1790 3650 6),
1842 3567 1953 3648 (1111
2001 3566 2426 3633 latitudinem
2474 3570 2727 3631 certam
2775 3566 2999 3629 decem

649 3676 886 3756 pedum
933 3671 1101 3738 satis
1151 3672 1353 3756 ducit,
1403 3674 1888 3756 longitudinem
1926 3679 2002 3738 ut
2048 3692 2167 3754 pro
2216 3675 2410 3737 boum
2442 3689 2709 3737 numero
2741 3670 2998 3736 variam

648 3783 876 3861 itaque
915 3779 1393 3862 neglegendam
1439 3798 1570 3844 non
1608 3779 1873 3861 statuit,
1921 3779 2356 3859 similiterque
2412 3797 2447 3842 e
2495 3776 2805 3842 Vitruvio
2854 3775 2995 3859 (VI.

651 3888 710 3972 9,
761 3886 852 3971 2),
903 3906 1093 3968 (1116111
1141 3885 1400 3966 (1111(16111
1449 3886 1653 3952 etiam
1701 3885 1809 3950 hic
1857 3885 2371 3966 transscriptum
2420 3904 2459 3948 a
2497 3883 2805 3949 Palladio
2847 3902 2995 3949 con-

649 4001 790 4063 stat
868 3993 1013 4079 (cfr.
1078 3991 1458 4075 Schneider,
1539 3995 1626 4057 ad
1704 3992 1839 4057 Col.
1888 3991 1939 4055 Ι.
2004 3988 2063 4074 6,
2115 3988 2202 4073 6).
2295 3991 2389 4055 At
2468 3994 2694 4056 censet
2770 3994 3000 4055 noster

647 4101 902 4168 bubilia
972 4101 1146 4166 sicut
1205 4100 1453 4179 equilia
1533 4102 1620 4164 ad
1697 4098 2037 4163 meridiem
2099 4111 2405 4178 spectare
2455 4117 2494 4162 a
2542 4097 2996 4179 septentrione

648 4209 1001 4274 luminibus
1049 4224 1180 4270 non
1227 4224 1443 4287 egere,
1507 4208 1711 4273 boves
1781 4210 2002 4270 autem
2060 4203 2409 4270 nitidiores
2472 4204 2618 4269 fieri
2675 4204 2732 4269 si
2779 4203 2996 4269 focum

647 4315 942 4399 proxime
990 4315 1285 4379 habeant
1332 4319 1401 4377 et
1448 4313 1665 4378 lumen
1713 4315 1831 4400 (sc.
1865 4312 2157 4378 eiusdem
2192 4312 2351 4394 foci)
2397 4312 2773 4377 intendant.
2821 4311 2992 4375 Lon-
