3392 5050
1417 354 1979 448 ’-16-

897 556 1311 639 Suspensura
1360 557 1642 624 caldarii
1688 557 1791 623 ita
1836 557 2235 640 instituitur,
2302 563 2378 623 ut
2424 558 2704 640 primum
2751 559 2932 643 bipe-
2993 593 2997 597 ·

588 667 820 729 darum
883 664 1005 729 fiat
1052 669 1372 746 stratura,
1434 665 1670 730 deinde
1742 684 1938 746 super
1998 666 2124 731 hac
2203 665 2699 733 constituantur
2759 668 2936 750 pilae

586 770 777 836 binos
828 771 1026 837 semis
1074 774 1277 853 pedes
1349 773 1549 851 altae,
1599 791 1728 837 uno
1791 776 1860 836 et
1929 770 2200 838 semisse
2270 773 2548 854 pedibus
2621 774 2799 840 inter
2864 796 2935 842 se

588 877 938 960 distantes,
988 883 1129 944 tum
1197 879 1480 961 bipedae
1527 879 1770 945 iterum
1838 879 2037 944 binae
2087 885 2620 961 superponantur
2685 901 2930 964 eaeque

585 990 986 1066 postremum
1031 985 1479 1068 pavimentum
1548 990 1917 1051 testaceum
1965 985 2264 1068 induant,
2315 989 2489 1066 quod
2526 986 2738 1068 ipsum
2782 1007 2930 1069 pos-

584 1091 675 1158 sit
722 1092 999 1158 tesseris
1046 1091 1430 1158 marmoreis
1479 1092 1724 1174 obtegi.

900 1248 1141 1331 Cellae,
1213 1241 1294 1313 in
1353 1267 1517 1329 quas
1563 1268 1683 1330 per
1746 1268 2183 1330 suspensuras
2247 1270 2457 1333 vapor
2522 1252 2929 1337 perducitur,

585 1354 863 1428 formam
908 1357 1160 1420 habent
1207 1355 1293 1421 ad
1340 1356 1472 1422 vim
1521 1355 1662 1421 eius
1711 1357 1945 1422 melius
1995 1359 2511 1425 concludendam
2581 1360 2934 1444 oblongam

590 1461 689 1527 ita
735 1467 811 1527 ut
858 1462 1149 1527 latitudo
1200 1465 1366 1528 dua-s
1415 1463 1556 1528 eius
1604 1482 1953 1529 mensurae
2001 1465 2249 1530 habeat
2295 1477 2543 1548 partes,
2612 1486 2780 1548 quae
2827 1477 2932 1534 est

585 1568 1044 1651 longitudinis.

897 1694 1212 1759 Gamerae
1258 1693 1426 1758 fiunt
1491 1693 1737 1776 optime
1784 1694 2101 1777 Signinae
2169 1695 2210 1760 i.
2262 1715 2315 1761 e.
2368 1716 2402 1761 e
2449 1698 2753 1781 materia,
2825 1699 2931 1764 cui

584 1819 819 1865 nomen
867 1820 1012 1866 esse
1060 1805 1326 1866 constat
1374 1802 1457 1866 ab
1526 1802 1690 1866 urbe
1738 1801 1970 1884 Signia
2016 1802 2407 1887 inventrice,
2457 1824 2665 1887 gypso
2731 1804 2931 1870 simili

587 1914 655 1974 et
702 1907 1031 1990 permixta
1079 1926 1224 1972 cum
1285 1907 1611 1974 lateribus
1658 1909 1846 1974 rubri
1893 1910 2273 1991 plerumque
2345 1912 2584 1978 coloris
2634 1911 2929 1978 contusis

583 1995 964 2093 (Overbeck
1009 2033 1115 2097 pg.
1162 2011 1338 2095 506).
1432 2014 1562 2079 Sed
1608 2015 1883 2080 tabulae
1948 2035 2204 2097 quoque
2254 2018 2746 2084 adhibebantur
2790 2019 2926 2086 vir-

587 2121 690 2204 gis
738 2120 976 2186 serreis
1043 2125 1111 2185 et
1159 2122 1444 2187 arcubus
1493 2121 1866 2203 superfixae
1929 2124 2037 2189 vel
2083 2124 2243 2189 item
2310 2125 2611 2208 bipedae,
2693 2127 2929 2207 quibus

584 2233 955 2294 testaceum
1002 2245 1163 2309 opus
1213 2227 1596 2293 dealbatum
1642 2233 1793 2293 erat
1840 2229 2380 2312 superinductum
2428 2232 2507 2316 (I.
2562 2230 2666 2315 39,
2719 2232 2805 2316 5).

896 2382 1267 2449 Piscinales
1317 2383 1527 2450 cellae
1574 2381 1710 2469 (39,
1762 2382 1829 2466 4)
1894 2385 2185 2466 piscinas
2232 2389 2557 2469 praebent
2604 2391 2691 2454 ad
2736 2389 2928 2474 frigi-

585 2493 736 2557 dam
781 2489 1190 2557 lavationem
1236 2491 1647 2573 maioresque
1695 2492 1754 2583 si
1801 2498 1976 2576 sunt,
2039 2494 2254 2559 locum
2303 2497 2466 2560 dant
2512 2497 2923 2564 natantibus,

584 2598 824 2662 Mirum
871 2597 939 2661 in
971 2600 1231 2662 modum
1279 2601 1359 2663 de
1391 2598 1826 2680 piscinalibus
1877 2600 2063 2665 cellis
2113 2601 2469 2684 distinguit
2501 2602 2615 2668 ille
2664 2604 2927 2673 aestiva

580 2708 649 2769 et
679 2703 994 2769 hiemalia
1017 2706 1279 2787 balnea,
1316 2710 1393 2769 ut
1434 2704 1501 2770 in
1533 2705 1669 2771 illis
1704 2726 1744 2771 a
1795 2708 2263 2790 septentrione,
2313 2707 2383 2773 in
2414 2708 2518 2775 his
2568 2729 2608 2774 a
2651 2710 2926 2779 meridie

582 2810 802 2874 lumen
849 2810 1184 2892 accipiant
1233 2812 1460 2894 cellae,
1511 2832 1655 2906 cum
1704 2813 1875 2879 alias
1922 2833 2132 2895 neque
2192 2815 2335 2897 ipse
2381 2816 2542 2882 item
2590 2817 2928 2883 discernat

582 2917 825 2982 balnea
870 2937 1080 2999 neque
1145 2919 1339 2985 huius
1385 2919 1485 2985 rei
1532 2920 1894 3002 scriptores
1944 2928 2062 2986 aut
2107 2927 2371 2989 veteres
2428 2923 2573 3009 (cfr.
2625 2924 2795 2989 Vitr.
2847 2924 2921 2988 V.

585 3020 696 3107 10)
767 3028 884 3088 aut
951 3025 1359 3092 recentiores
1444 3027 1840 3093 mentionem
1913 3028 2170 3094 faciant
2257 3029 2575 3095 eiusmodi
2656 3033 2926 3110 praeter
3013 3030 3016 3033 ’

586 3129 1078 3197 architecturae
1125 3134 1300 3212 quod
1347 3153 1548 3215 supra
1596 3135 1882 3200 diximus
1939 3135 2390 3217 compendium
2439 3135 2516 3219 (c.
2569 3131 2702 3217 16),
2752 3136 2926 3216 quod

583 3241 808 3302 tamen
853 3239 978 3304 hoc
1026 3258 1280 3328 quoque
1325 3242 1471 3307 loco
1534 3242 1823 3323 scriptor
1866 3247 2096 3308 noster
2141 3247 2391 3308 temere
2439 3247 2705 3308 secutus
2775 3262 2922 3309 esse

583 3343 866 3410 videtur.
961 3344 1108 3428 Qua
1153 3366 1227 3412 re
1286 3366 1417 3412 non
1464 3348 1712 3430 passim
1778 3348 2098 3431 bipertito
2148 3348 2519 3415 constituta
2579 3348 2649 3414 in
2697 3349 2926 3415 aedifi-

586 3448 686 3517 cio
750 3452 992 3518 balnea
1040 3473 1398 3538 censemus,
1449 3455 1641 3521 immo
1678 3476 1838 3524 vero
1885 3457 2045 3523 licet
2091 3456 2342 3523 fuerint
2407 3456 2742 3523 interdum
2771 3456 2930 3522 bina

567 3558 871 3642 diversa,
950 3560 1332 3642 plerumque
1399 3563 1523 3627 hoc
1587 3565 1671 3627 ad
1719 3563 2012 3645 piscinas
2058 3568 2509 3646 praeceptum.
2533 3563 2635 3629 ita
2699 3583 2928 3630 serva-

583 3670 724 3731 tum
749 3683 896 3733 esse
941 3670 1325 3749 putandum,
1374 3673 1451 3732 ut
1493 3673 1610 3733 aut
1641 3667 1999 3749 piscinales
2046 3674 2307 3734 tantum
2340 3669 2548 3734 cellae
2581 3674 2929 3734 exstarent

583 3776 801 3859 binae,
846 3774 1064 3840 altera
1111 3776 1197 3838 ad
1245 3773 1785 3856 septentrionem,
1836 3773 2054 3838 altera
2102 3775 2189 3838 ad
2233 3773 2575 3838 meridiem
2616 3780 2928 3856 spectans

586 3889 704 3950 aut
751 3886 982 3949 eadem
1014 3882 1183 3948 cella
1216 3883 1381 3948 duas
1416 3880 1608 3947 simul
1640 3882 1921 3946 haberet
1972 3882 2059 3945 ad
2089 3885 2408 3961 utrasque
2438 3881 2676 3964 plagas
2710 3883 2929 3951 diver-

586 4013 696 4060 sas
743 3993 1098 4074 fenestras,
1148 3991 1431 4055 alteram
1487 3993 1850 4071 patentem,
1916 3988 2211 4053 clausam
2258 3987 2542 4055 alteram
2587 4009 2706 4072 pro
2767 3996 2928 4056 tem-

584 4100 765 4181 poris
815 4098 973 4165 anni
1017 4101 1282 4163 natura.
1380 4096 1569 4178 Quod
1634 4114 1719 4161 ne
1767 4115 1808 4161 a
1866 4094 2355 4179 significatione
2402 4096 2665 4178 quidem
2734 4118 2928 4166 voca-

585 4206 726 4271 buli
770 4204 996 4272 balnei
1042 4205 1380 4286 abhorret,
1431 4222 1599 4284 quae
1648 4221 1863 4284 aequa
1907 4201 1986 4267 fit
2033 4201 2367 4268 interdum
2415 4223 2494 4269 ac
2541 4204 2919 4285 lavationiS,

585 4318 663 4378 ut
706 4312 817 4379 hic
864 4312 1127 4380 aestiva
1171 4311 1412 4377 balnea
1457 4329 1577 4393 pro
1623 4309 1968 4377 lavatione
2016 4309 2279 4378 aestiva
2327 4310 2727 4393 accipiamus
2774 4308 2919 4393 (cfr.
