3392 5050
1513 390 1952 459 -10-

560 587 900 654 meridiem
946 589 1053 655 vel
1094 587 1504 653 occidentem
1550 590 1917 667 spectante,
1982 588 2245 651 aestate
2293 586 2381 649 ad
2426 584 2749 651 orientem
2792 583 2902 649 vel

561 695 1079 776 septentrionem
1158 695 1563 760 collocarent
1611 695 1714 777 (V.
1761 692 1816 758 Ι.
1890 690 1993 775 13,
2045 690 2113 778 7;
2183 692 2317 757 Col.
2364 693 2418 758 Ι.
2470 689 2529 774 6,
2581 690 2659 777 1;
2722 692 2797 757 P.
2845 691 2900 758 Ι.

564 800 623 885 9,
674 799 761 885 1),
811 801 1151 884 cubiculis,
1201 800 1313 866 ubi
1379 800 1621 866 ceteris
1670 800 1804 865 diei
1871 799 2279 881 temporibus
2330 818 2408 864 ac
2486 802 2687 864 noctu
2753 818 2903 865 ver-

562 914 891 991 sarentur,
971 908 1239 975 diversa
1315 909 1554 990 latera,
1632 907 1929 974 hibernis
1996 906 2334 988 orientem,
2385 906 2664 973 aestivis
2709 906 2901 973 meri-

563 1014 729 1083 diem
780 1017 1020 1081 darent
1080 1016 1245 1099 (Col.
1291 1015 1345 1080 I.
1397 1011 1456 1097 6,
1509 1012 1594 1097 1).
1689 1017 1901 1081 Situm
1965 1015 2052 1079 ad
2120 1013 2460 1079 meridiem
2507 1016 2617 1080 vel
2681 1014 2902 1096 potius

563 1123 650 1187 ad
697 1121 1106 1187 occidentem
1153 1141 1415 1189 versum
1483 1121 1830 1203 postulant
1877 1121 2035 1187 item
2086 1122 2167 1185 ob
2216 1139 2400 1186 usum
2450 1121 2902 1204 vespertinum

562 1228 804 1294 balnea
848 1229 1013 1312 (Col.
1061 1229 1113 1294 I.
1155 1226 1215 1311 6,
1264 1226 1339 1313 2;
1387 1229 1460 1292 Ρ.
1508 1227 1559 1292 Ι.
1606 1226 1712 1311 39,
1764 1225 1848 1313 1).
2251 1244 2258 1251 ’“

868 1385 963 1450 At
1029 1384 1450 1467 posteriores»,
1522 1383 1884 1449 Columella
1960 1389 2029 1450 et
2090 1384 2455 1467 Palladius,
2522 1385 2902 1451 accuratius

565 1491 987 1574 distinguunt
1033 1492 1310 1558 orientis
1359 1491 1519 1558 solis
1566 1495 1635 1557 et
1660 1491 2028 1558 occidentis
2075 1492 2413 1574 regionem
2463 1493 2620 1558 anni
2641 1497 2900 1573 tempus

564 1579 997 1679 r'espicientes
1043 1598 1113 1663 in
1160 1604 1376 1664 ortum
1421 1599 1531 1665 vel
1564 1616 1868 1663 occasum
1916 1598 2487 1681 aequinoctialem,
2520 1599 2902 1681 brumalem,

564 1704 1018 1789 solstitialem3
1068 1725 1232 1787 quas
1279 1706 1534 1789 plagas,
1599 1724 1745 1770 cum
1789 1705 1860 1770 in
1904 1706 2112 1771 Italia
2172 1711 2357 1771 ortus
2405 1706 2566 1772 solis
2632 1707 2905 1771 brumae

566 1818 859 1893 tempore
907 1814 991 1878 ab
1038 1812 1181 1894 ipso
1231 1811 1487 1877 oriente
1535 1814 1615 1877 ad
1666 1812 2009 1877 meridiem
2038 1817 2281 1895 vergat
2328 1813 2571 1895 angulo
2617 1812 2905 1895 triginta

567 1921 841 1985 duorum
888 1922 1230 2003 graduum,
1281 1921 1402 1986 sub
1450 1919 1811 1986 solstitium
1859 1922 2086 1986 eodem
2133 1922 2325 1985 modo
2375 1922 2460 1985 ad
2508 1919 2904 2002 septentrio-

563 2044 731 2108 nem,
758 2025 1069 2113 ,itemque
1118 2046 1188 2092 se
1234 2027 1483 2093 habeat
1530 2045 1825 2106 occaSUS,
1873 2045 1994 2092 nos
2026 2098 2034 2105 ,
2065 2025 2408 2108 aptissime
2454 2027 2902 2110 significamus

565 2133 814 2199 nostris
860 2133 1206 2201 vocabulis
1254 2139 1378 2216 ost,
1447 2136 1865 2218 ost-siid·ost,
1942 2137 2402 2217 ost-nord-ost,
2450 2140 2641 2217 west,
2708 2140 2903 2201 west-

566 2242 908 2323 sud-west,
988 2243 1573 2307 west-nord-west.
1699 2240 1889 2323 Quod
1973 2247 2195 2308 autem
2272 2243 2632 2309 Columella
2701 2242 2902 2309 etiam

565 2347 924 2431 meridiem,
975 2369 1165 2430 quem
1198 2354 1459 2443 constet
1506 2368 1704 2414 unum
1737 2369 1994 2431 semper
2041 2370 2186 2416 esse
2234 2355 2304 2416 et
2351 2354 2647 2433 eundem,
2697 2351 2909 2432 ipsum

568 2455 888 2522 discernit
948 2455 1498 2539 aequinoctialem
1575 2456 1654 2541 (Ι.
1707 2453 1766 2541 6,
1815 2454 1882 2541 2)
1949 2462 2018 2522 et
2063 2458 2425 2527 brumalem
2471 2458 2682 2542 (VIII.
2731 2456 2791 2541 8,
2842 2455 2909 2540 2)

565 2565 672 2631 vel
720 2565 1064 2631 hibernum
1112 2565 1259 2649 (IX.
1308 2563 1368 2645 5,
1421 2562 1510 2648 1),
1578 2564 1877 2646 quamvis
1938 2564 2274 2631 notionem
2340 2566 2517 2633 falsa
2578 2566 2908 2649 significa-

565 2671 748 2737 tione
796 2672 1184 2755 designasse
1229 2672 1514 2738 videtur.
1579 2673 1736 2737 Cum
1788 2672 2084 2737 Gesnero
2110 2673 2199 2755 (v.
2251 2673 2633 2757 Schneider,
2683 2692 2907 2738 comm.

568 2781 654 2844 ad
686 2780 729 2844 1.
765 2778 847 2862 c.)
880 2779 1181 2861 equidem
1229 2778 1780 2859 aequinoctialem
1827 2778 2166 2844 meridiem
2214 2780 2550 2846 cardinem
2611 2783 2696 2845 ad
2744 2779 2909 2844 limi-

565 2892 701 2953 tem
748 2889 1176 2953 decumanum
1239 2886 1582 2970 directum,
1631 2886 1993 2951 brumalem
2031 2886 2134 2952 vel
2181 2886 2528 2953 hibernum
2574 2889 2911 2970 paululum

569 2996 655 3058 ad
721 2993 998 3060 orientis
1062 2995 1400 3078 regionem
1468 2999 1855 3078 vergentem
1921 2995 2119 3061 velim
2186 2995 2640 3078 interpretari.
2734 2998 2911 3062 Illud

568 3119 651 3165 ex
699 3100 1013 3184 analogia
1060 3104 1344 3182 quadam
1407 3101 1683 3167 orientis
1733 3107 1801 3166 et
1868 3101 2233 3169 occidentis
2302 3104 2506 3169 liceat
2562 3103 2907 3185 suspicari,

565 3208 690 3272 hoc
738 3226 815 3273 eo
860 3207 1163 3290 maxime,
1235 3211 1408 3290 quod
1453 3208 1592 3274 sole
1670 3218 1924 3288 quoque
1968 3208 2247 3274 hiberno
2315 3212 2490 3290 apud
2537 3209 2909 3274 Palladium

568 3313 648 3396 (I.
699 3311 803 3397 37,
853 3311 920 3395 7)
966 3313 1141 3379 idem
1186 3333 1456 3381 necesse
1511 3319 1614 3381 est
1662 3315 2048 3400 significari,
2100 3320 2274 3398 quod
2321 3319 2494 3399 apud
2550 3318 2910 3382 Varronem

446 3507 463 3520 ‚
568 3422 713 3505 (III.
764 3419 867 3505 16,
931 3420 1044 3507 12)
1105 3427 1173 3488 et
1231 3423 1656 3489 Columellam
1722 3424 1869 3507 (ΙΧ.
1919 3423 1980 3508 5,
2048 3422 2116 3512 1)
2184 3425 2441 3491 oriente
2520 3424 2913 3508 designatur

568 3527 853 3595 brumali
896 3530 1003 3597 vel
1048 3529 1344 3596 hiberno.

881 3674 1246 3755 Sequamur
1282 3673 1493 3757 igitur
1538 3679 1917 3742 nostrorum
1950 3676 2442 3743 institutionem
2473 3676 2908 3757 subtiliorem,

571 3786 644 3845 ut
714 3780 996 3864 singulis
1086 3781 1289 3848 villae
1380 3783 1687 3850 membris
1766 3785 2079 3865 optimam
2170 3791 2425 3867 partem
2520 3784 2909 3849 tribuamus,

573 3889 933 3953 Columella
980 3888 1150 3954 enim
1201 3909 1344 3954 cum
1393 3894 1683 3972 censeat,
1734 3897 1809 3957 ut
1876 3891 2179 3957 hiemalis
2241 3891 2556 3973 temporis
2606 3891 2911 3956 cubicula

572 3995 892 4061 orientem
959 3997 1338 4078 brumalem,
1405 3998 1788 4064 cenationes
1852 3999 1891 4062 i.
1940 4019 1996 4065 e.
2068 3998 2446 4064 triclinaria
2504 3997 2912 4064 occidentem

571 4102 1123 4183 aequinoctialem
1156 4109 1479 4185 spectent,
1530 4105 1793 4172 aestiva
1825 4124 2054 4171 rursus
2103 4106 2408 4171 cubicula
2440 4109 2527 4171 ad
2574 4106 2913 4172 meridiem

573 4211 1143 4294 aequinoctialem,
1217 4212 1509 4279 eiusdem
1572 4213 1889 4294 temporis
1952 4214 2336 4279 cenationes
2408 4216 2492 4279 ad
2567 4214 2912 4280 hibernum

573 4318 895 4391 orientem
940 4324 1315 4407 vertantur,
1364 4319 1712 4387 balnearia
1743 4320 2045 4404 denique,
2096 4340 2264 4402 quae
2295 4321 2405 4388 hic
2450 4322 2611 4387 item
2657 4321 2912 4386 urbano
