3392 5050
1441 386 1835 452 „9-

465 565 669 628 antne
716 564 804 627 ad
849 562 1079 628 villam
1125 581 1331 628 necne
1375 564 1556 627 haud
1603 561 1804 628 facile
1866 563 2320 648 intellegatur.
2418 563 2615 628 Certe
2662 583 2811 644 per-

465 687 617 733 raro
686 670 812 734 hoc
868 674 1163 751 tempore
1232 670 1512 736 balneae
1583 671 1669 734 ad
1738 669 1970 735 villam
2047 669 2410 735 accessisse
2478 668 2810 752 videntur,

466 776 773 857 quoniam
819 775 1074 842 lavatio
1124 776 1324 841 etiam
1373 782 1511 842 tum
1558 778 2008 858 praebebatur
2070 782 2400 858 apparatu
2465 779 2816 841 admodum

467 881 770 965 simplici,
819 902 948 947 uno
996 883 1064 947 in
1115 884 1414 948 cubiculo
1449 883 1709 949 culinae
1742 882 2004 948 adiecto
2053 883 2447 965 (Marquart,
2485 883 2811 948 romische

466 989 1105 1058 Privataltertiimer
1150 1011 1259 1073 pg.
1310 988 1484 1069 264).

709 1165 712 1171 ’
788 1166 883 1230 At
956 1165 1316 1230 Columella
1384 1165 1516 1230 iam
1590 1164 1828 1230 rustici
1897 1164 2121 1229 balnei
2183 1164 2351 1229 iacit
2420 1148 2817 1231 mentionem

470 1272 546 1357 (Ι.
600 1270 659 1355 6,
713 1270 820 1352 19)
889 1271 1101 1339 dediti
1173 1291 1511 1338 servorum
1582 1272 1732 1337 usui
1795 1271 2078 1352 indeque
2151 1271 2507 1353 distinguit
2568 1273 2815 1338 domini

468 1379 817 1447 balnearia
889 1380 965 1463 (Ι.
1020 1376 1078 1462 6,
1146 1378 1232 1462 2),
1293 1399 1460 1461 quae
1511 1385 1734 1444 tamen
1787 1397 1917 1443 non
1995 1378 2276 1461 amplius
2356 1379 2677 1446 describit
2748 1385 2817 1444 et

468 1487 814 1554 Palladius
891 1488 1115 1553 balnei
1193 1492 1619 1568 structuram,
1702 1486 2024 1566 siquidem
2094 1506 2213 1567 per
2275 1506 2485 1567 aquae
2559 1487 2819 1569 copiam

469 1594 616 1659 fieri
661 1594 894 1677 possit,
941 1596 1122 1660 haud
1179 1594 1465 1661 alienam
1533 1593 1909 1659 arbitratur
1971 1593 2049 1673 (Ι.
2102 1591 2206 1676 39,
2283 1591 2351 1670 1)
2421 1574 2819 1673 uberiusque

470 1701 641 1767 idem
699 1701 1067 1784 exequitur,
1145 1720 1271 1782 quo
1346 1702 1536 1765 modo
1604 1699 1849 1782 optime
1923 1698 2336 1765 instituatur.
2430 1700 2639 1783 Quam
2684 1721 2821 1766 rem

468 1827 588 1874 nos
635 1809 832 1891 paulo
882 1808 1060 1874 infra
1108 1807 1570 1873 tractabimus.
1697 1851 1702 1855 -

542 2080 545 2083 .
789 2003 1016 2071 Etiam
1073 2003 1591 2068 ambulationum
1660 2002 1958 2070 meminit
2030 2002 2391 2068 Columella
2468 2002 2552 2085 (Ι.
2606 1999 2664 2084 6,
2730 1998 2820 2077 2).

473 2111 653 2194 Quas
703 2110 959 2176 Gesner
1006 2111 1075 2175 in
1124 2111 1593 2176 commentario
1643 2130 1761 2178 suo
1810 2113 1903 2194 (v.
1954 2113 2344 2181 Schneider)
2394 2114 2590 2192 putat
2623 2110 2821 2174 collo-

474 2222 662 2283 catas
742 2220 827 2283 ad
907 2218 1402 2301 coniungendas
1482 2219 1819 2300 dispersas
1901 2220 2259 2302 aediculas,
2332 2218 2634 2299 equidem
2692 2235 2823 2282 non

475 2323 637 2389 item
684 2324 1009 2391 existimo.
1107 2325 1237 2391 Sed
1285 2330 1458 2407 quod
1506 2327 1794 2409 scriptor
1829 2333 1915 2392 ‘ut
1981 2327 2285 2393 meridiei
2348 2323 2825 2406 aequinoctiali

478 2430 894 2499 subiciantur
941 2435 1179 2498 suadet
1228 2435 1314 2497 ad
1360 2436 1861 2516 temperandum
1912 2434 2148 2500 hiemis
2194 2434 2409 2516 frigus
2443 2437 2511 2498 et
2564 2431 2822 2512 evitan-

481 2541 632 2605 dum
694 2541 978 2608 aestatis
1045 2542 1351 2625 calorem,
1422 2542 1636 2625 magis
1704 2544 1927 2625 placet
2003 2542 2335 2627 refugium
2410 2543 2537 2607 hoc
2613 2540 2822 2607 fuisse

478 2651 728 2712 temere
775 2649 1268 2715 ambulantibus
1317 2669 1512 2731 quam
1559 2670 1642 2715 ex
1687 2669 1817 2715 uno
1854 2653 2081 2717 domus
2112 2652 2402 2716 membro
2435 2649 2506 2714 in
2539 2648 2822 2713 alterum

404 2753 415 2776 s
478 2755 990 2836 permeantibus.
1086 2757 1389 2841 Accedit,
1441 2760 1614 2838 quod
1659 2777 1743 2823 ne
1812 2759 1951 2823 late
2020 2757 2356 2840 dispersas
2420 2756 2827 2839 suspicemur

479 2861 955 2946 habitationes,
1028 2869 1359 2946 repugnat
1420 2865 1715 2930 Palladii
1777 2870 2203 2946 praeceptum
2268 2864 2351 2948 (I.
2417 2862 2476 2946 9,
2546 2862 2634 2949 1),
2699 2882 2824 2945 quo

479 2969 797 3036 hiemales
846 2975 914 3035 et
962 2969 1262 3037 aestivae
1309 2971 1684 3039 mansiones
1731 2972 2027 3038 breviter
2060 2973 2381 3038 collectae
2420 2991 2566 3038 esse
2598 2970 2825 3036 iuben-

481 3081 608 3142 tur.
703 3077 893 3159 Quod
939 3082 1160 3150 autem
1208 3081 1605 3159 quadratum
1650 3079 1856 3145 rectis
1905 3079 2168 3162 angulis
2200 3098 2331 3145 11011
2364 3078 2582 3144 omnia
2630 3076 2824 3143 simul

380 3245 385 3248 .
482 3184 892 3267 singularum
965 3186 1134 3251 caeli
1194 3187 1537 3270 regionum
1601 3190 1938 3253 commoda
2015 3193 2239 3269 potest
2297 3185 2613 3267 recipere,
2693 3203 2825 3249 non

484 3296 605 3372 est,
656 3291 814 3372 quin
871 3294 1074 3359 etiam
1139 3292 1485 3375 polygoni.
1515 3293 1792 3359 formam
1864 3292 2147 3375 obliquis
2214 3291 2478 3375 angulis
2549 3292 2828 3357 electam

484 3415 629 3461 esse
678 3398 1147 3482 existimemus,
1208 3401 1445 3482 quippe
1519 3403 1693 3481 quod
1740 3400 2039 3481 reliquiis
2087 3404 2653 3466 monumentorum
2698 3416 2830 3462 non

483 3505 893 3587 improbetur
938 3507 1336 3592 (Overbeck,
1386 3527 1489 3589 pg.
1539 3504 1718 3589 370),
1777 3507 1835 3573 si
1895 3526 2027 3571 non
2074 3506 2143 3572 id
2189 3505 2412 3587 potius
2461 3505 2828 3570 iudicamus

483 3632 556 3677 re
597 3632 760 3680 vera
805 3617 1078 3696 propter
1125 3613 1317 3679 varia
1362 3612 1834 3696 impedimenta
1873 3620 1941 3680 et
1988 3614 2273 3679 fortuita
2338 3614 2422 3678 ab
2472 3612 2827 3678 aedifican-

486 3721 664 3786 tibus
710 3740 840 3786 non
889 3719 1126 3807 omnia,
1177 3741 1344 3803 quae
1393 3721 1754 3804 scriptores
1782 3726 2110 3804 statuunt,
2159 3725 2521 3804 praecepta
2569 3720 2827 3788 servari

483 3829 800 3911 potuisse,
851 3834 925 3894 ut
970 3830 1137 3894 haec
1201 3831 1557 3895 secundum
1617 3828 1770 3896 illos
1835 3834 2182 3895 exstructa
2238 3828 2404 3897 villa
2470 3827 2560 3894 sit
2639 3827 2829 3909 quasi

487 3937 961 4003 commenticia.

798 4112 1205 4195 Quamquam
1273 4111 1376 4176 ita
1446 4117 1626 4178 certe
1694 4111 1895 4179 villae
1966 4110 2430 4177 aedificatores
2477 4110 2619 4176 fere
2667 4129 2832 4176 sem-

483 4239 603 4301 per
650 4217 910 4284 cavisse
956 4218 1270 4285 videntur
1331 4218 1489 4285 solis
1539 4223 1798 4285 aestum
1845 4224 1914 4284 et
1961 4218 2234 4300 frigoris
2283 4217 2710 4301 gravitatem,
2758 4221 2835 4281 ut

486 4329 572 4393 ad
618 4325 1071 4408 vespertinum
1138 4345 1326 4395 usum
1396 4325 1776 4394 triclinaria
1823 4325 2084 4407 quidem
2130 4325 2344 4391 hieme
2390 4326 2461 4390 in
2506 4330 2700 4408 parte
2749 4328 2834 4389 ad
