3392 5050
417 520 599 586 humi
647 519 879 587 defixis
926 525 1082 588 sunt
1126 520 1460 587 inductae.
1550 520 1686 586 Sub
1731 519 1870 586 illis
1917 520 2284 603 porticibus
2341 526 2497 587 sunt
2567 541 2766 588 arun-

422 629 618 695 dinea
663 633 919 712 saepta,
968 647 1138 711 quae
1185 628 1690 712 distinguuntur
1753 627 2027 696 calamis
2076 628 2264 695 velut
2334 616 2590 695 clatris
2633 629 2766 696 siu-

421 736 739 819 gulosque
827 735 1157 817 utrimque
1245 734 1470 802 aditus
1564 735 1838 801 habent.
1965 735 2098 801 Ubi
2187 737 2275 801 ad
2364 738 2767 817 pascendum

422 842 854 909 secluduntur
899 842 1146 926 singuli
1193 862 1410 935 mares
1458 861 1604 908 cum
1675 840 1895 923 quinis
1964 841 2249 926 feminis,
2315 846 2491 925 quod
2546 863 2767 911 mares

419 949 490 1016 in
534 952 789 1017 edendo
835 953 977 1015 tam
1021 956 1178 1016 sunt
1224 968 1582 1032 pugnaceS,
1630 954 1708 1015 ut
1760 947 1978 1015 minus
2040 948 2251 1015 validi
2319 951 2769 1019 detrudantur

420 1076 462 1122 a
509 1056 676 1123 cibo,
768 1055 1237 1123 Incubantium
1285 1055 1613 1122 cubilibus
1666 1072 1800 1121 non
1858 1073 2020 1137 opus
2067 1060 2191 1138 est,
2238 1074 2393 1121 nam
2437 1075 2768 1138 pavonum

417 1164 635 1247 pullos
711 1183 754 1228 a
835 1161 1107 1248 gallinis
1200 1166 1467 1229 constat
1556 1161 1942 1244 plerumque
2018 1161 2302 1228 excludi.
2423 1162 2767 1229 Pavonum

420 1270 626 1337 etiam
670 1268 1017 1337 Palladius
1063 1269 1359 1336 meminit
1403 1269 1485 1355 (Ι.
1534 1266 1671 1353 28),
1721 1270 1839 1335 sed
1885 1270 1968 1334 de
2015 1268 2301 1336 stabulis
2347 1268 2517 1335 nihil
2548 1269 2767 1335 affert.

421 1376 769 1444 Simillima
815 1395 976 1444 cura
1022 1377 1295 1443 aluntur
1339 1397 1382 1459 p
1400 1377 1447 1442 11
1473 1395 1514 1442 a
1537 1396 1569 1442 s
1594 1375 1680 1441 ia
1699 1394 1745 1441 n
1768 1373 1793 1440 i
1814 1426 1831 1460 ,
1880 1393 2045 1457 quos
2091 1374 2268 1441 idem
2301 1380 2770 1442 commemorat

419 1503 588 1551 unus
635 1484 713 1570 (I.
764 1482 898 1567 29).

728 1660 872 1726 Iam
943 1661 1345 1726 descendere
1409 1676 1572 1742 opus
1650 1660 1756 1723 est
1824 1658 1912 1723 ad
1979 1654 2326 1739 bestiolae,
2404 1674 2575 1739 quae
2621 1677 2767 1726 cum

422 1766 681 1834 domino
763 1766 1164 1832 uberrimum
1238 1765 1540 1833 referant
1599 1763 1911 1847 fructum,
1983 1782 2179 1846 quam
2256 1762 2769 1847 diligentissime

422 1874 550 1941 coli
596 1894 638 1940 a
683 1872 933 1940 nostris
978 1872 1309 1938 iubentur.
1403 1873 1629 1953 Atque
1675 1890 1719 1937 a
1738 1870 1954 1953 pium
2011 1872 2203 1937 sedes
2250 1870 2436 1953 prius
2482 1871 2554 1938 in
2599 1871 2770 1939 villa

421 1979 570 2062 ipsa
614 1979 821 2046 fuisse
865 1999 989 2046 nec
1033 1997 1167 2045 non
1214 1997 1336 2046 sua
1367 1996 1624 2061 quoque
1671 1981 1902 2044 aetate
1947 1976 2044 2045 ibi
2090 1976 2249 2060 poni
2298 1985 2770 2047 commemorat

422 2092 492 2154 et
561 2087 776 2153 Varro
847 2086 997 2171 (III.
1048 2084 1109 2171 3,
1158 2084 1233 2172 53
1305 2082 1409 2168 16,
1460 2082 1574 2170 15)
1640 2089 1711 2149 et
1780 2083 2144 2150 Columella
2200 2083 2353 2169 (IX.
2401 2085 2615 2169 praef.
2671 2085 2764 2160 2).

418 2193 674 2261 Haberi
705 2196 988 2259 tradunt
1019 2192 1347 2275 apiarium
1393 2192 1463 2257 in
1494 2191 1697 2258 villae
1743 2191 2007 2273 porticu
2052 2191 2163 2258 vel
2207 2190 2277 2258 in
2307 2191 2453 2274 ipso
2500 2194 2763 2276 pariete

420 2301 730 2368 excisum.
823 2301 1219 2381 Plerumque
1265 2305 1490 2367 autem
1536 2305 1642 2366 est
1707 2304 1906 2366 extra
1951 2300 2290 2366 cohortem
2349 2320 2473 2367 nec
2519 2306 2767 2388 tamen,

422 2408 481 2475 si
525 2406 672 2474 fieri
717 2411 961 2490 potest,
1025 2406 1222 2489 longe
1270 2427 1312 2472 a
1358 2405 1606 2472 domini
1673 2405 2095 2473 habitatione
2142 2406 2252 2493 (V.
2302 2407 2425 2473 III.
2477 2406 2583 2492 16,
2646 2408 2766 2498 123

423 2514 559 2582 Col.
605 2515 719 2582 IX.
753 2514 812 2600 5,
864 2513 932 2601 13
979 2515 1055 2583 P.
1103 2515 1157 2581 I.
1192 2510 1298 2598 37,
1349 2511 1437 2598 1).
1500 2513 1764 2597 Optime
1810 2512 2200 2598 adiungitur
2230 2513 2445 2597 ipsum
2476 2517 2772 2585 maceria

420 2623 900 2690 circumdatum
968 2621 1181 2690 cuivis
1228 2622 1553 2689 aedificio.
1646 2624 1998 2688 Remotum
2062 2628 2244 2688 certe
2291 2628 2559 2706 oportet
2617 2645 2767 2696 esse

420 2750 462 2797 a
506 2730 965 2814 sterquiliniis,
998 2729 1304 2813 stabulis,
1354 2728 1612 2796 balneis
1660 2729 1829 2814 (CoL
1876 2729 2000 2796 IX.
2049 2727 2113 2813 5,
2161 2727 2239 2816 1;
2285 2729 2360 2797 P.
2409 2730 2462 2795 Ι.
2517 2726 2625 2814 37,
2672 2735 2764 2810 4).

420 2838 491 2904 Si
534 2838 798 2922 longius
831 2838 1085 2905 distare
1133 2856 1295 2920 opus
1342 2842 1447 2904 est
1485 2836 1806 2920 alvearia,
1850 2836 1920 2902 in
1965 2836 2101 2903 ima
2129 2841 2326 2920 parte
2376 2838 2576 2907 vallis
2609 2840 2771 2922 poni

328 2933 333 2936 ’
416 2944 602 3011 iubet
635 2945 1014 3028 Columella,
1063 2963 1189 3026 quo
1224 2942 1537 3012 devolent
1583 2942 1787 3010 facile
1824 2963 1985 3026 apes
2015 2945 2209 3010 melle
2247 2950 2548 3012 onustae.
2601 2947 2767 3012 Tum

415 3057 638 3121 autem
681 3053 867 3120 locus
914 3052 1060 3118 alta
1107 3070 1253 3117 cum
1298 3049 1615 3118 fenestris
1664 3050 2207 3117 circumcluditur
2252 3052 2547 3119 maceria
2584 3053 2767 3120 iunc-

412 3167 681 3244 tumque
744 3163 950 3229 habet
1013 3158 1372 3244 tugurium,
1428 3158 1500 3224 in
1559 3177 1685 3241 quo
1733 3158 2044 3225 habitent
2103 3161 2415 3226 custodes
2461 3165 2532 3225 et
2577 3180 2767 3243 repo·

410 3276 615 3337 natur
667 3267 1199 3334 instrumentum.

731 3423 925 3505 Ipsas
973 3421 1182 3503 aIVOS,
1254 3439 1422 3501 quae
1467 3419 1637 3486 fiunt
1701 3419 1811 3487 vel
1858 3420 2109 3487 cortice
2131 3478 2136 3485 .
2156 3439 2405 3503 eaeque
2472 3421 2770 3503 optimae

410 3533 522 3600 vel
564 3530 924 3601 viminibus
970 3530 1079 3597 vel
1125 3528 1308 3612 ligno
1354 3528 1464 3595 vel
1494 3527 1757 3610 fictiles,
1809 3546 1979 3609 quae
2024 3534 2249 3595 tamen
2310 3535 2466 3595 sunt
2538 3532 2761 3597 deter-

411 3637 622 3706 rimae
669 3638 773 3719 (V.
802 3636 928 3703 ΠΙ.
978 3631 1085 3718 16,
1135 3633 1254 3721 15;
1303 3635 1439 3702 Col.
1474 3635 1594 3701 IX.
1647 3631 1707 3717 6,
1759 3634 1833 3718 13
1881 3636 1957 3702 P.
2005 3636 2058 3701 I.
2109 3633 2216 3719 37,
2267 3634 2357 3720 6),
2407 3637 2767 3705 constituit

407 3748 624 3814 Varro
670 3764 791 3829 per
838 3748 1001 3812 dnos
1049 3750 1275 3812 tresve
1324 3743 1593 3810 ordines
1640 3742 2098 3825 superpositos
2144 3742 2214 3808 in
2260 3744 2534 3811 mutulis
2583 3746 2765 3826 pari·
2817 3743 2822 3746 ⁴

409 3853 574 3940 etis3
649 3853 932 3920 totidem
1024 3853 1291 3919 ordines
1369 3870 1515 3918 cum
1605 3851 1857 3916 habeat
1935 3850 2317 3934 Columella,
2395 3851 2765 3935 levigatum

404 3959 692 4025 tectorio
759 3965 1148 4044 suggestum
1214 3959 1419 4025 trium
1479 3959 1719 4041 pedum
1783 3957 1852 4022 in
1919 3956 2346 4024 altitudinem
2415 3963 2485 4024 et
2529 3957 2766 4026 latitu-

406 4064 629 4132 dinem
708 4066 1020 4149 supponit
1083 4066 1395 4150 ipsasque
1472 4065 1786 4148 deinceps
1859 4064 2048 4132 alvos
2126 4065 2384 4132 dirimit
2453 4065 2764 4149 angustis

405 4169 780 4255 parietibus
826 4172 1155 4239 latericiis
1198 4173 1311 4240 vel
1367 4172 1644 4239 modicis
1710 4173 1950 4239 saltem
2014 4171 2396 4239 intervallis
2457 4173 2766 4256 tegitque

402 4279 671 4347 ordines
740 4280 1003 4361 porticu
1081 4280 1503 4364 superposita
1571 4281 1725 4366 (IX.
1801 4278 1891 4366 7).
1984 4283 2246 4363 Aquam
2314 4283 2593 4363 praebet
2653 4281 2764 4349 vel
