3392 5050
1577 425 2019 494 „23-

630 608 752 673 bus
822 607 1109 675 serviret
1186 609 1416 673 eadem
1479 625 1646 686 quae
1717 603 2051 687 granariis
2129 603 2323 670 arida
2386 607 2456 667 et
2519 601 2770 686 frigida
2844 601 2974 668 1001

628 720 874 780 natura
921 734 1218 796 quaeque
1265 715 1426 780 item
1473 716 1558 779 ab
1593 713 1901 794 aquilone
1964 733 2083 794 per
2127 711 2463 777 fenestras
2509 709 2971 791 perflarentur.

633 822 1063 905 Intrinsecus,
1114 841 1240 903 quo
1287 820 1599 904 frigidius
1648 825 1847 901 esset,
1899 839 2220 900 camaras,
2268 817 2582 900 parietes,
2639 816 2973 899 pavimen-

632 938 773 994 tum
817 935 1220 995 marmorato
1278 947 1475 1010 opere
1522 928 1683 1011 tegi.
1778 927 2256 993 Delicatiorem
2315 944 2471 993 vero
2527 924 2735 990 fuisse
2798 925 2973 1005 apud

630 1037 980 1102 nonnullos
1048 1038 1282 1102 harum
1359 1035 1862 1103 instructionem
1932 1036 2087 1101 111(16
2133 1035 2294 1102 11061
2339 1033 2752 1115 intellegere,
2801 1034 2973 1113 quod

633 1143 898 1224 (1111(16111
945 1144 1307 1210 triclinium
1355 1144 1425 1209 in
1471 1143 1621 1226 ipsa
1686 1146 2085 1225 oporothece
2148 1147 2448 1208 sternere
2496 1145 2699 1222 atque
2764 1140 2974 1228 etiam

542 1316 553 1335 ,
634 1250 751 1316 6111
797 1253 1048 1317 Romae
1096 1256 1399 1334 coempta
1465 1270 1658 1333 poma
1721 1254 1807 1317 ad
1854 1251 2315 1316 instruendum
2362 1249 2567 1314 talem
2628 1226 2971 1329 aspectum

631 1377 745 1424 rus
792 1358 1099 1424 intulisse
1147 1358 1477 1425 dicuntur.
1570 1359 1799 1424 Etiam
1847 1358 2134 1425 terrenis
2179 1356 2343 1423 locis
2391 1356 2613 1437 ibique
2659 1354 2729 1419 in
2777 1354 2972 1421 doliis

631 1466 877 1547 partim
922 1465 1104 1531 humi
1152 1466 1469 1531 demersis
1517 1485 1711 1548 poma
1759 1465 2018 1532 servari
2066 1467 2261 1570 (10061
2309 1464 2474 1529 Cato
2536 1464 2616 1546 (c.
2669 1459 2819 1544 143,
2882 1459 2969 1544 3).

941 1621 1238 1704 Longius
1271 1626 1346 1686 ut
1395 1641 1595 1703 supra
1640 1621 1949 1703 diximus,
2008 1623 2092 1686 ab
2132 1622 2258 1685 hoc
2321 1618 2599 1685 rustico*
2644 1622 2973 1699 apparatu

631 1736 887 1796 remota
934 1735 1090 1797 sunt
1138 1750 1218 1795 ea
1264 1731 1525 1811 horrea,
1576 1749 1745 1811 (11166
1792 1728 2122 1811 recipiunt
2168 1727 2440 1809 leviora,
2490 1734 2566 1790 ut
2612 1724 2691 1790 fo
2710 1744 2971 1808 61111111,

632 1861 673 1921 p
698 1841 831 1905 ale
855 1859 985 1922 as,
1034 1837 1436 1921 leguminum
1470 1856 1648 1920 acus,
1700 1837 2020 1919 frondem,
2057 1856 2353 1917 quaeque
2401 1833 2537 1899 alia
2578 1836 2972 1903 animalibus

631 1949 955 2037 praebent
971 1947 1082 2013 vel
1096 1945 1408 2028 pabulum
1427 1946 1538 2031 vel
1559 1949 2019 2011 stramentum.
2056 1944 2345 2026 Quorum
2360 1943 2429 2008 in
2450 1949 2629 2010 tecto
2654 1943 2971 2026 repositio

633 2058 1179 2120 commemoratur
1228 2052 1371 2117 Cat.
1423 2050 1484 2135 5,
1533 2049 1591 2117 8.
1632 2050 1749 2135 533
1800 2049 1905 2133 54,
1955 2049 2029 2135 23
2095 2051 2173 2116 V.
2222 2051 2276 2116 I.
2325 2048 2443 2135 563
2495 2052 2628 2116 Col.
2678 2051 2730 2115 Ι.
2782 2048 2841 2133 6,
2896 2048 2970 2135 9;

631 2162 705 2226 Ρ.
754 2161 808 2226 Ι.
859 2157 972 2246 32;
1021 2159 1194 2225 Vitr.
1242 2159 1396 2225 VH.
1449 2156 1507 2241 9,
1559 2156 1618 2224 6.
1681 2157 2027 2224 Eiusmodi
2105 2157 2410 2223 aedificia
2455 2157 2592 2224 levi
2627 2163 2972 2224 exstructa

630 2266 914 2332 materia
961 2266 1387 2349 suspicemur,
1437 2265 1743 2331 trabibus
1802 2285 1880 2330 ac
1927 2264 2178 2330 tabulis
2224 2264 2624 2346 plerumque,
2682 2264 2751 2329 id
2800 2266 2972 2344 quod

629 2374 831 2439 6116111
896 2378 1177 2456 apparet
1242 2392 1325 2438 ex
1412 2372 1703 2439 incendii
1766 2372 2080 2455 periculO,
2170 2371 2355 2437 cuius
2423 2390 2741 2438 memores
2819 2375 2973 2437 sunt

630 2479 980 2547 Vitruvius
1013 2485 1083 2547 et
1119 2480 1485 2547 Palladius.
1537 2480 1924 2546 Condantur
1973 2484 2194 2546 autem
2240 2479 2359 2546 illa
2390 2480 2636 2562 pabula
2675 2478 2745 2544 in
2782 2480 2973 2544 tabu-

630 2590 774 2653 lata
836 2587 1248 2670 potissimum
1322 2589 1429 2673 (V.
1478 2588 1531 2653 Ι.
1567 2586 1671 2671 13,
1724 2587 1806 2673 1;
1857 2589 1991 2653 Col.
2040 2590 2087 2653 l.
2138 2585 2198 2671 6,
2250 2585 2336 2672 9),
2386 2593 2461 2653 ut
2494 2606 2707 2654 vacua
2761 2573 2977 2653 restet

630 2696 699 2761 in
759 2698 956 2777 plano
1027 2716 1204 2777 pars.
1297 2696 1376 2760 In
1426 2715 1555 2776 (1116
1620 2696 1783 2763 11061
1846 2695 2112 2779 ligna,
2182 2715 2429 2761 cannas
2494 2695 2757 2776 aliaque
2804 2694 2973 2760 eius-

630 2804 809 2870 modi
854 2803 1152 2885 reposita
1200 2802 1521 2869 arbitrari
1570 2803 1669 2888 (P.
1719 2803 1772 2867 Ι.
1821 2800 1954 2879 32).
2015 2804 2180 2869 Cato
2230 2809 2309 2883 (0.
2345 2801 2460 2884 55)
2507 2802 2724 2884 poscit
2771 2800 2971 2867 etiam

629 2910 734 2976 his
782 2912 1177 2977 tabulatum.

951 3036 1155 3102 Aliud
1204 3036 1486 3117 denique
1533 3038 1841 3102 horreum
1888 3036 2258 3103 invenimus
2323 3037 2499 3117 apud
2550 3034 2971 3100 Columellam

631 3143 710 3225 (I.
762 3140 821 3224 6,
873 3140 939 3227 7)
1004 3148 1598 3225 commemoratum,
1665 3145 1839 3224 quod
1886 3148 2111 3208 tamen
2170 3161 2299 3206 non
2351 3141 2608 3207 fructus
2667 3140 2970 3223 recipiat,

631 3252 747 3316 sed
794 3249 1194 3316 rusticum
1241 3250 1892 3316 instrumentum
1940 3270 1980 3315 6
2026 3249 2254 3332 pluvia
2300 3250 2370 3316 vi
2402 3248 2739 3314 defendat.
2788 3248 2972 3314 Posi-

630 3362 772 3423 tum
830 3359 954 3422 hoc
1025 3357 1400 3423 aedificium
1463 3358 1709 3424 dicitur
1775 3358 2018 3440 optime
2084 3360 2165 3423 ob
2247 3356 2427 3424 vilici
2488 3354 2973 3438 procuratoris-

632 3483 755 3545 que
804 3465 1066 3548 oculos3
1131 3464 1314 3534 intra
1371 3464 1440 3531 id
1500 3465 1717 3552 ipsum
1780 3466 2074 3531 clausum
2121 3468 2347 3530 exstat
2423 3462 2987 3528 ferramentorum

630 3573 1143 3654 receptaculum.
1235 3573 1560 3638 Varronis
1610 3577 1839 3638 aetate
1905 3572 2225 3653 plaustris
2295 3575 2649 3651 ceteroque
2726 3568 2972 3634 instru-

630 3683 853 3744 mento
900 3698 1366 3759 nonnunquam
1412 3679 1579 3744 nihil
1629 3678 1911 3761 amplius
1959 3698 2154 3759 quam
2202 3679 2497 3742 clausum
2546 3679 2971 3757 consaeptum

631 3787 752 3850 sub
802 3785 955 3850 divo
1004 3786 1418 3869 assignatum
1452 3787 1739 3870 videtur,
1790 3786 2097 3868 quoniam
2131 3786 2764 3851 commemorandum
2797 3782 2971 3848 arbi-

630 3895 855 3956 tratur
914 3891 1015 3957 ita
1061 3913 1102 3957 6
1149 3892 1294 3958 fure
1355 3898 1616 3959 tantum
1665 3914 1772 3960 res
1837 3892 2123 3975 defendi,
2185 3910 2315 3957 non
2376 3891 2568 3957 simul
2621 3911 2661 3955 a
2727 3895 2971 3972 tempe-

632 4004 880 4064 statum
928 3999 1148 4083 noxia,
1200 3996 1394 4081 quam
1440 4002 1841 4084 prohibeant
1887 4001 2130 4084 optime
2178 4001 2246 4065 in
2295 4001 2566 4066 cohorte
2615 4002 2817 4063 tecta.

941 4157 1244 4238 Apparet
1302 4175 1382 4222 ex
1428 4158 1555 4222 hac
1604 4157 2048 4241 descriptione
2111 4157 2179 4222 in
2225 4153 2481 4222 rustica
2527 4159 2721 4236 parte
2767 4153 2970 4221 villae

633 4262 952 4329 aedificia·
985 4264 1366 4345 plerumque
1413 4264 1512 4329 ita
1578 4264 1924 4348 disposita,
1991 4270 2067 4331 ut
2132 4285 2327 4331 unam
2398 4268 2656 4346 partem
2717 4259 2970 4326 efficiat

634 4369 854 4436 culina
921 4359 1065 4438 011111
1141 4371 1226 4437 iis
1290 4372 1618 4454 membris,
1700 4392 1868 4454 quae
1914 4374 2023 4439 vel
2080 4374 2433 4442 coniuncta
2498 4376 2607 4440 vel
2674 4374 2969 4452 proxime
