3392 5050
1521 324 1961 391 „42-

462 506 467 510 ’
566 499 716 567 fons
762 499 871 567 vel
935 499 1191 566 canalis
1250 499 1527 569 inducta
1586 499 1928 584 virgultis,
1965 500 2403 585 interpositis,
2471 503 2586 569 ubi
2631 506 2911 571 sedeant

570 610 660 673 ad
733 606 1090 672 bibendum
1162 625 1341 688 apes.
1451 608 1636 674 Idem
1706 607 1847 675 fere
1924 614 2152 675 censet
2220 609 2568 677 Palladius
2630 609 2712 695 (I.-
2777 607 2910 693 37).

569 716 890 798 spectare
937 718 1161 780 autem
1208 718 1475 796 oportet
1522 714 1849 796 apiarium
1886 717 1967 781 ad
2019 716 2384 783 brumalem
2430 717 2754 784 orientem
2799 717 2911 801 (V.

566 824 686 899 ΙΙΙ.
745 819 850 904 16,
902 819 1020 906 12;
1089 821 1224 891 Col.
1273 821 1397 887 IX.
1445 819 1629 907 5,'1;
1688 823 1765 887 P.
1814 822 1867 888 I.
1935 820 2040 906 37,
2092 821 2160 908 7)
2237 825 2601 892 et-circum
2663 826 2912 893 habere

566 931 846 996 arbusta
871 932 962 1009 ,et
1008 926 1322 1010 frutecta,
1372 927 1558 995 cuius
1605 928 1802 994 fiores
1851 932 1940 995 ad
1983 930 2113 996 mel
2155 934 2512 997 creandum
2559 933 2910 1014 aptissimi.

872 1035 1143 1123 Restat,
1205 1039 1282 1100 ut
1328 1033 1700 1101 ferarum
1762 1035 2265 1120 meminerimus,
2334 1056 2500 1119 quas
2562 1037 2912 1105 includunt

565 1162 837 1211 nemora
913 1147 982 1208 et
1017 1201 1020 1204 .
1057 1142 1273 1208 saltus
1348 1141 1774 1223 leporarii
1848 1143 1959 1210 vel
2025 1143 2363 1211 vivarii
2436 1145 2718 1213 nomine.
2810 1148 2911 1214 Ac

566 1250 871 1334 pristinis
945 1248 1355 1331 temporibus
1432 1249 1867 1317 continebant
1899 1311 1908 1319 .
1943 1251 2109 1318 haec
2184 1250 2353 1318 nihil
2422 1252 2705 1335 amplius
2780 1253 2913 1320 nisi

566 1362 826 1442 lepores
875 1357 980 1438 (V.
1029 1356 1154 1422 ΙΙΙ.
1205 1354 1266 1438 3,
1316 1353 1388 1437 2)
1434 1375 1557 1423 nec
1603 1357 1810 1424 latius
1849 1360 2175 1440 patebant
2221 1378 2418 1441 quam
2462 1365 2539 1425 ut
2583 1362 2912 1428 haberent

566 1467 803 1550 iugera
864 1482 1064 1530 unum
1109 1462 1219 1530 vel
1268 1466 1396 1529 duo
1459 1464 1562 1543 (V.
1608 1463 1729 1529 III.
1782 1461 1885 1547 12,
1936 1461 2023 1546 1).
2115 1467 2212 1532 At
2267 1471 2504 1549 postea
2549 1467 2711 1533 iam'
2742 1469 2911 1534 Var-
2952 1486 2962 1492 ·

567 1573 752 1642 ronis
818 1575 1046 1637 aetate
1111 1570 1181 1637 in
1251 1589 1379 1637 uno
1435 1575 1668 1653 saepto
1738 1572 2192 1655 quadraginta
2258 1573 2369 1641 vel
2427 1574 2911 1659 quinquaginta

565 1682 866 1764 iugerum
899 1679 1007 1760 (V.
1058 1677 1170 1743 III.
1205 1675 1267 1759 3,
1302 1675 1374 1763 83
1426 1675 1529 1760 13,
1567 1676 1636 1752 1)
1684 1679 1957 1745 aluntur
1993 1685 2264 1765 praeter
2299 1680 2558 1764 lepores
2606 1698 2920 1765 capreae,·

566 1787 769 1868 cervi,
820 1805 977 1853 oves
1025 1785 1211 1851 ferae
1260 1785 1366 1868 (V.
1413 1785 1538 1849 III.
1587 1783 1647 1868 3,
1697 1782 1782 1870 23
1832 1782 2074 1879 121),
2126 1790 2379 1872 damae,
2443 1808 2683 1872 oryges
2743 1787 2907 1873 (Col.

566 1894 680 1961 IX.
732 1890 792 1976 1,
859 1891 945 1976 1).
1041 1891 1386 1974 Separatis
1458 1892 1695 1959 deinde
1752 1893 1847 1959 ibi
1892 1893 2058 1962 locis
2104 1896 2290 1962 velut
2358 1899 2444 1962 ad
2499 1896 2739 1964 flumen
2800 1898 2910 1966 vel

565 2002 782 2070 rivum
814 2003 884 2065 et
930 1999 1065 2082 sub,
1084 1997 1359 2080 rupibus
1406 2002 1777 2065 educantur
1809 2000 2119 2068 cochleae
2164 2002 2273 2085 (V.
2302 2001 2444 2091 ΙΙΠ.
2479 2002 2584 2085 14,
2633 2001 2723 2088 2),
2770 2009 2910 2070 tum

568 2109 714 2175 loco
760 2105 976 2189 magis
1023 2104 1212 2170 arido
1246 2104 1428 2170 intra
1476 2105 1834 2172 maceriam
1865 2107 2070 2173 etiam
2115 2107 2341 2191 glireS,
2390 2127 2558 2190 quae
2596 2108 2666 2175 in
2715 2109 2910 2177 doliis

568 2214 967 2299 saginantur
1031 2210 1139 2294 (V.
1186 2211 1304 2276 ΙΙΙ.
1372 2210 1474 2294 15,
1539 2216 1626 2293 1).
1721 2213 1962 2278 Totum
2027 2212 2447 2298 leporarium,
2496 2218 2671 2297 quod
2728 2215 2910 2283 intus

564 2323 837 2413 habeat·
861 2318 1115 2385 fontem
1159 2319 1268 2386 vel
1329 2318 1686 2386 adductam
1735 2339 1972 2401 aquam
2021 2321 2131 2388 vel
2184 2321 2401 2388 lacum
2446 2338 2644 2389 manu
2701 2323 2912 2390 defos-

564 2448 728 2511 sum,
778 2425 1176 2493 circumdari
1220 2426 1368 2493 vult
1416 2426 1778 2493 Columella
1824 2428 1970 2512 (IX.
2021 2425 2081 2511 1,
2114 2425 2184 2513 2)
2230 2448 2413 2495 muro
2460 2429 2569 2496 vel
2614 2449 2912 2499 caemen-

563 2535 725 2602 ticio
771 2534 882 2602 vel
945 2518 1295 2617 laterici0,⁸
1344 2537 1519 2616 quod
1567 2535 1628 2602 si
1671 2553 1804 2601 non
1852 2536 2182 2620 convenit,
2230 2556 2429 2620 saepe
2472 2538 2713 2605 saltem
2776 2539 2911 2605 cla-

563 2646 769 2724 trata,
805 2659 974 2723 quae
1019 2640 1142 2706 fiat
1174 2640 1430 2707 truncis
1477 2640 1713 2708 defixis
1746 2642 2280 2724 transversisque
2313 2646 2401 2710 ad
2432 2663 2545 2711 eos
2578 2643 2912 2713 amitibus.

881 2748 1070 2814 Nunc
1098 2747 1408 2830 quoniam
1441 2752 1885 2815 enumerando
1919 2754 2008 2833 et,
2033 2749 2151 2816 ubi
2173 2750 2391 2818 nostri
2426 2757 2583 2819 sunt
2630 2752 2911 2835 copiosi·

566 2876 737 2938 ores,
786 2855 1051 2938 planius
1084 2851 1518 2921 describendo
1568 2873 1793 2923 omnes
1824 2856 2379 2939 perlustravimus
2424 2858 2629 2926 villae
2659 2864 2909 2944 partes,

563 2981 734 3045 quae
782 2960 1043 3043 quidem
1080 2961 1521 3043 necessariae,
1570 2980 1701 3027 non
1733 2963 2054 3030 fortuitae
2092 2963 2464 3047 videantur,
2490 2965 2906 3048 pervenimus

562 3073 652 3136 ad
698 3073 1099 3151 postremam
1130 3072 1229 3136 rei
1259 3069 1641 3151 propositae
1667 3081 1948 3154 partem,
1998 3071 2068 3136 in
2093 3090 2224 3153 qua
2255 3075 2697 3153 comparando
2727 3072 2907 3140 colli-

564 3194 797 3260 gamus
845 3174 1244 3257 scriptorum
1290 3181 1650 3258 praecepta
1697 3182 1786 3260 et,
1822 3196 2163 3259 semperne
2206 3179 2436 3243 eadem
2481 3177 2687 3244 fuerit
2706 3180 2910 3247 villae

563 3284 936 3368 dispositio,
987 3283 1495 3351 consideremus.
1540 3285 1764 3365 Atque
1798 3283 2160 3365 scriptores
2184 3290 2469 3366 nostros,
2504 3284 2617 3366 qui
2649 3285 2911 3367 quidem

563 3392 835 3477 uberius
885 3390 1269 3458 describant
1333 3391 1583 3474 villam,
1658 3409 1793 3458 non
1856 3409 2229 3474 repugnare
2290 3390 2670 3472 plerumque
2734 3391 2913 3458 inter

565 3520 658 3582 se,
726 3502 843 3566 sed
913 3497 1318 3581 posteriores
1395 3517 1476 3564 ea
1531 3503 1794 3564 tantum
1860 3497 2145 3579 adicere,
2210 3515 2380 3579 quae
2441 3516 2604 3565 suae
2661 3499 2911 3566 aetatis

564 3606 779 3672 maior
849 3605 1187 3689 elegantia
1257 3610 1326 3672 et
1386 3605 1652 3671 luxuria
1729 3604 1939 3688 priori
2002 3604 2151 3670 usui
2228 3603 2584 3689 addiderit,
2653 3606 2786 3672 iam
2842 3605 2914 3671 in

564 3714 779 3797 prima
827 3712 1239 3795 quaestionis
1285 3718 1558 3779 nostrae
1604 3718 1798 3794 parte
1841 3711 2334 3793 explicavimus.
2394 3710 2678 3779 Accedit
2716 3712 2909 3793 quod,

565 3821 679 3903 qui
725 3839 894 3886 unus
926 3818 1399 3886 vestustiorem
1431 3825 1500 3886 et
1547 3818 2015 3900 simpliciorem
2046 3818 2349 3884 habitum
2379 3818 2674 3885 rusticae
2705 3817 2911 3884 villae

562 3946 760 3996 nosse
808 3926 1096 4009 videtur,
1144 3927 1317 3992 hanc
1373 3945 1505 3992 non
1554 3925 1877 3991 describit
1923 3943 2135 4006 neque
2180 3944 2263 3990 ex
2308 3924 2712 4008 praeceptis,
2747 3924 2908 4006 eiuS,
3034 3964 3038 3967 >

564 4054 735 4117 quae
798 4052 960 4117 agro
1022 4034 1298 4099 colendo
1361 4040 1430 4100 et
1477 4032 1808 4100 fructibus
1872 4032 2185 4098 curandis
2245 4032 2529 4099 maxime
2587 4032 2908 4114 serviunt,

473 4189 477 4192 -
568 4141 924 4230 quidquam
978 4145 1204 4222 potest
1281 4140 1528 4224 colligi.
1623 4140 1772 4223 Qua
1829 4160 1903 4205 re
1962 4157 2095 4205 non
2141 4139 2623 4222 neglegendam
2677 4138 2913 4221 putavi

562 4248 863 4316 Vitruvii
911 4248 1401 4314 auctoritatem.
