3392 5050
1562 389 2002 457 -38—

609 566 746 648 pali
815 568 917 634 vel
975 566 1195 633 trunci
1254 567 1324 633 in
1392 570 1577 633 terra
1653 566 1854 633 defixi
1914 551 2221 632 traiectis
2281 565 2601 649 longuris,
2676 563 2951 631 tertium

610 674 903 741 militare
949 676 1190 739 ductae
1267 672 1486 739 fossae
1535 670 1934 755 aggerisque
2005 671 2325 754 adiuncti,
2397 676 2707 754 quartum
2769 669 2950 735 deni-

611 802 738 864 que
778 780 1049 873 fabrile,
1116 782 1288 861 quod
1346 778 1512 859 dicit
1555 778 2018 861 novissimum,
2080 778 2435 845 maceriam
2481 776 2633 864 (cfr.
2684 778 2819 844 Col.
2867 778 2946 844 V.

612 887 717 972 10,
767 887 845 975 1,
892 889 966 954 Ρ.
1012 888 1064 953 Ι.
1112 885 1217 969 34,
1267 884 1489 963 4--6).
1584 887 1778 975 Hanc
1823 904 2054 952 rursus
2085 885 2234 952 fieri
2263 883 2478 952 tradit
2509 883 2720 950 modis
2759 887 2949 966 quat-

610 1001 764 1063 tuor
812 999 928 1063 aut
975 1016 1012 1062 e
1057 994 1392 1077 lapidibus
1439 1000 1558 1060 aut
1603 1013 1640 1061 e
1686 993 2014 1084 lateribus
2063 993 2271 1060 coctis
2321 994 2425 1059 vel
2470 991 2710 1071 crudis
2741 998 2860 1058 aut
2913 1012 2950 1059 e

608 1104 858 1187 lapillis
906 1123 1050 1170 cum
1096 1107 1284 1169 terra
1329 1102 1399 1168 in
1445 1101 1720 1169 formam
1771 1100 2170 1183 compositis.
2266 1101 2578 1167 Formam
2621 1099 2949 1166 maceriae

607 1210 928 1278 describit
975 1209 1234 1292 planius
1268 1209 1432 1276 Cato
1479 1207 1560 1291 (0.
1608 1206 1741 1293 15),
1791 1227 1936 1275 011111
1982 1207 2150 1275 facit
2180 1207 2506 1274 macerias
2539 1207 2717 1273 altas
2748 1210 2948 1289 pedes

608 1318 913 1400 quinque,
964 1336 1226 1383 crassas
1275 1310 1749 1398 sesquipedem,
1799 1314 2096 1382 columen
2142 1314 2421 1397 imponit
2465 1313 2661 1380 unius
2729 1313 2947 1400 pedis3

608 1423 957 1491 materiam
1032 1422 1249 1505 poscit
1327 1424 1593 1504 calcem,
1674 1426 2038 1503 caementa,
2102 1419 2356 1488 silicem
2434 1420 2748 1502 iubetque
2804 1439 2946 1485 eam

608 1530 873 1598 sublini.
966 1531 1327 1596 Maceriam
1374 1534 1593 1596 autem
1644 1531 1730 1595 ad
1799 1528 2227 1611 saepiendum
2286 1527 2657 1610 posteriore
2721 1531 2946 1594 aetate

607 1637 820 1721 magis
869 1636 1076 1705 fuisse
1124 1656 1317 1719 quam
1367 1644 1594 1706 cetera
1641 1658 1889 1722 genera
1934 1638 2255 1706 usitatam
2306 1659 2671 1723 cognoscas
2718 1660 2801 1706 ex
2848 1658 2943 1722 e0,

608 1749 781 1827 quod
848 1751 918 1812 et
984 1745 1346 1811 Columella
1422 1749 1490 1811 et
1565 1738 1937 1813 Palladius
1991 1768 2136 1814 eam
2212 1746 2433 1829 priore
2508 1745 2653 1811 1000
2730 1745 2947 1812 solent

609 1872 1115 1919 commemorare
1181 1852 1345 1938 (Col.
1392 1854 1472 1920 V.
1523 1852 1627 1938 10,
1678 1853 1755 1940 1,
1819 1854 1901 1921 X.
1950 1852 2074 1941 27,
2122 1855 2262 1921 arb.
2313 1852 2425 1940 18,
2473 1854 2546 1919 Ρ.
2597 1853 2651 1919 Ι.
2701 1850 2806 1936 34,
2855 1850 2942 1937 4).

926 2029 1115 2095 Ν11110
1205 2032 1428 2095 autem
1512 2030 1856 2097 veniamus
1939 2032 2027 2097 ad
2102 2050 2183 2096 ea
2257 2028 2495 2097 rustici
2580 2032 2945 2112 apparatus

604 2137 915 2219 membra,
977 2154 1147 2225 quae
1207 2141 1402 2203 extra
1461 2138 1588 2204 hoc
1640 2136 1845 2204 villae
1877 2122 2335 2223 ⁸§.Qnsaeptum
2388 2137 2603 2205 locum
2672 2136 2943 2217 habent,

606 2243 913 2325 quoniam
984 2262 1069 2309 ne
1136 2264 1218 2315 ea
1297 2243 1561 2325 quidem
1624 2244 1933 2312 existimo
1994 2246 2503 2326 praetereunda.
2595 2244 2946 2309 Accedunt

601 2349 703 2416 ita
749 2368 944 2432 quam
988 2350 1284 2433 proxime
1331 2353 1418 2416 ad
1463 2351 1690 2417 villam
1738 2353 1783 2416 h
1804 2351 2011 2434 orti,
2063 2350 2302 2416 deinde
2349 2370 2391 2416 a
2438 2349 2707 2419 diversa
2753 2353 2948 2430 parte

602 2476 816 2525 area
861 2477 1007 2525 011111
1055 2456 1376 2525 aedificiis
1424 2476 1591 2540 quae
1637 2458 1838 2526 messi
1883 2457 2013 2541 ipsi
2060 2457 2381 2541 serviunt,
2431 2462 2572 2522 tum
2608 2469 2660 2522 a
2681 2455 2946 2521 nima-

600 2563 730 2630 liu
754 2585 818 2631 m
893 2564 1222 2632 stationes
1299 2583 1542 2647 eorum,
1622 2584 1791 2648 quae
1870 2585 2076 2649 agro
2153 2565 2589 2647 perfruuntur
2665 2564 2780 2631 vel
2861 2562 2947 2628 in

601 2690 646 2736 n
670 2691 784 2737 em
807 2671 951 2740 ori
974 2674 1125 2738 bus
1172 2672 1430 2740 inclusa
1475 2675 1826 2758 habentur,
1879 2684 2281 2758 postremum
2328 2673 2503 2740 aliae
2549 2671 2946 2755 appendices

600 2796 682 2843 ex
745 2778 880 2845 situ
964 2799 1043 2846 ac
1113 2785 1350 2846 natura
1418 2782 1710 2865 regionis
1784 2781 2223 2866 necessariae,
2287 2780 2358 2847 in
2419 2781 2654 2863 quibus
2731 2777 2949 2844 obiter
3017 2865 3024 2874 ·

603 2891 1066 2953 commemorat
1097 2888 1314 2953 Varro
1346 2887 1424 2975 (I.
1458 2884 1519 2970 2,
1575 2886 1690 2969 23)
1740 2887 2322 2970 lapidicinas
2349 2939 2366 2971 ,
2415 2885 2944 2954 harenarias

600 2994 814 3072 adque
905 2993 1238 3076 publicam
1304 2994 1483 3062 viam
1541 2995 1991 3081 aedificandas
2075 2998 2523 3064 tabernas
2602 2996 2940 3061 dever-

600 3116 932 3166 sorias

919 3226 1142 3307 Atque
1202 3227 1528 3311 hortus,
1608 3228 1677 3293 in
1739 3248 1865 3310 quo
1928 3232 2242 3295 seruntur
2315 3229 2547 3294 florum
2626 3229 2942 3311 frutecta,

599 3330 801 3414 olera,
851 3335 1124 3400 arbores
1170 3334 1535 3416 pomiferae
1581 3335 1689 3419 (V.
1738 3336 1791 3401 I.
1841 3334 1946 3420 23,
1995 3334 2206 3422 4--5,
2257 3337 2390 3402 Col.
2439 3337 2559 3402 IX.
2608 3334 2671 3418 4,
2721 3335 2801 3421 4,
2850 3335 2940 3400 ΙΙ.

599 3434 704 3519 21,
754 3434 832 3524 3,
909 3439 1031 3505 XI.
1081 3437 1142 3524 3,
1193 3438 1270 3527 9,
1350 3443 1490 3508 arb.
1540 3440 1645 3525 22,
1695 3440 1801 3522 23,
1851 3440 1957 3527 25,
2006 3441 2125 3529 30,
2202 3444 2277 3508 P.
2345 3444 2399 3509 I.
2464 3441 2569 3525 39,
2633 3439 2723 3527 4),
2802 3461 2946 3508 cum

596 3545 975 3613 venustatis
1022 3546 1434 3629 potissimum
1483 3554 1713 3617 teneat
1760 3554 2008 3633 partes,
2058 3552 2142 3616 ab
2191 3552 2448 3617 urbana
2493 3550 2698 3618 villae
2746 3554 2943 3632 parte

598 3670 793 3732 quam
838 3653 1134 3734 proxime
1201 3656 1435 3722 abesse
1496 3658 1695 3723 debet
1753 3659 1835 3723 ob
1905 3658 2030 3725 hoc
2097 3658 2310 3741 ipsum
2380 3659 2543 3742 (Col.
2603 3658 2656 3723 Ι.
2710 3655 2770 3741 6,
2821 3655 2937 3743 24,

595 3758 668 3824 Ρ.
715 3759 770 3825 Ι.
819 3758 880 3842 8,
931 3758 1001 3847 2,
1050 3759 1155 3845 34,
1206 3760 1292 3846 1).
1386 3762 1573 3829 Idem
1622 3768 1845 3831 tamen
1888 3784 1973 3831 ne
2021 3786 2063 3831 a
2107 3765 2363 3832 rustica
2423 3765 2685 3848 quidem
2739 3769 2934 3847 parte

597 3866 795 3938 debet
839 3885 984 3933 esse
1031 3888 1327 3952 aversus,
1376 3873 1550 3952 quod
1597 3870 1751 3937 inde
1796 3871 2178 3955 recipienda
2225 3880 2329 3939 est
2391 3873 2617 3956 cortis,
2665 3874 2933 3961 balneoff

592 3990 757 4053 rum,
804 3975 1161 4042 torcularis
1209 3976 1526 4044 colluvies
1589 3978 1754 4064 (Col.
1803 3974 1874 4043 1.'
1905 3976 1964 4062 6,
2014 3976 2133 4060 24,
2180 3980 2254 4044 Ρ.
2298 3980 2349 4044 Ι.
2402 3978 2506 4062 34,
2557 3977 2632 4065 1,
2682 3978 2788 4064 39,
2837 3978 2930 4060 4).

591 4079 971 4149 Invenimus
1018 4083 1087 4150 in
1133 4103 1210 4149 eo
1256 4103 1465 4167 rosas,
1526 4084 1761 4169 violas,
1820 4085 2049 4169 lilium,
2123 4106 2384 4153 crocum
2430 4088 2537 4172 (V.
2583 4088 2637 4153 Ι.
2689 4084 2793 4171 35,
2843 4085 2931 4171 1),

592 4187 869 4272 levcoia,
936 4190 1368 4274 hyacinthum
1438 4191 1601 4283 (Col.
1652 4194 1774 4259 IX.
1842 4191 1904 4277 4,
1953 4191 2032 4280 4,
2102 4195 2174 4259 Ρ.
2232 4195 2353 4260 ΙΙΙ.
2404 4193 2522 4281 21,
2594 4195 2751 4260 XII.
2799 4193 2931 4278 11),

599 4295 798 4362 varia
843 4297 1092 4364 olerum
1163 4318 1435 4385 genera,
1494 4300 1685 4369 velut
1758 4299 2149 4385 brassicam,
2226 4321 2477 4387 rapam,
2545 4321 2943 4386 asparagum
