3392 5050
1537 374 1978 445 „24-

582 561 658 621 ut
704 576 745 621 3
820 555 1242 637 porculatore
1290 554 1737 637 inspiciantur
1814 554 1916 640 (V.
1974 555 2054 619 II.
2119 552 2224 636 17,
2294 552 2407 640 133
2473 556 2609 621 Col.
2660 556 2805 621 VII.
2868 553 2930 638 9,

586 660 844 747 9—123
907 662 978 726 P.
1031 663 1147 726 111.
1197 658 1303 744 26,
1353 659 1441 744 4).
1534 662 1763 727 Harae
1818 667 1959 728 tres
2019 666 2422 742 quattuorve
2484 666 2686 744 pedes
2752 663 2933 728 altae

583 771 834 835 habent
880 789 920 833 a
967 768 1189 834 fronte
1239 768 1481 834 ostium
1529 771 1616 834 ad
1663 768 2098 835 emittendam
2145 768 2468 851 pascendi
2541 789 2746 836 causa
2800 790 2933 834 ma-

585 882 819 948 tricem
864 882 965 947 ita
1011 887 1232 947 tamen
1278 886 1354 946 ut
1401 881 1626 949 limine
1697 883 1948 964 subter,
2017 882 2192 962 quod
2262 879 2462 947 facile
2523 881 2644 946 illa
2714 886 2934 948 trans-

587 989 865 1072 scendit,
929 989 1346 1071 pomulorum
1422 1007 1730 1071 egressus
1779 987 2182 1069 impediatur
2231 988 2335 1069 (V.
2384 988 2469 1054 II.
2519 985 2581 1070 4,
2635 986 2747 1074 143
2798 988 2932 1055 Col.

586 1097 742 1163 VII.
787 1095 846 1179 9,
897 1094 1034 1181 10).

900 1272 1007 1337 Ad
1054 1271 1266 1336 multa
1344 1269 1480 1335 alia
1547 1269 1931 1335 animalium
1995 1289 2262 1352 genera,
2328 1289 2496 1352 quae
2545 1272 2820 1337 aluntur
2865 1271 2935 1336 in

588 1377 771 1445 villis
818 1378 925 1444 vel
996 1377 1240 1442 circum
1289 1397 1423 1460 eaS,
1492 1376 1796 1443 volucres
1843 1375 2256 1458 potissimum
2322 1382 2391 1442 et
2454 1377 2670 1459 pisces
2737 1383 2938 1460 atque

590 1486 794 1552 etiam
870 1485 1051 1551 feras
1129 1483 1307 1550 infra
1382 1483 1766 1566 redibimUS‚
1847 1503 1988 1549 cum
2082 1503 2308 1550 earum
2385 1485 2698 1568 partium,
2773 1506 2938 1568 quae

592 1602 748 1659 sunt
823 1591 1265 1673 necessariae,
1335 1590 1849 1673 descriptionem
1925 1591 2431 1673 expedierimus.
2556 1593 2687 1658 Sed
2764 1612 2936 1659 nunc

593 1702 985 1764 accedamus
1052 1701 1138 1764 ad
1192 1717 1271 1764 ea
1335 1700 1647 1780 membra,
1709 1717 1876 1781 quae
1922 1703 1999 1764 ut
2058 1699 2459 1766 Columellae
2525 1705 2681 1766 utar
2743 1718 2937 1766 voca-

592 1806 768 1889 bule,
817 1806 918 1871 rei
966 1806 1269 1872 serviunt
1316 1805 1753 1872 fructuariae.

904 1981 1127 2060 Atque
1171 1979 1280 2044 hic
1339 1979 1587 2060 primas
1637 1985 1965 2060 occupant
2027 1986 2257 2063 partes
2305 2001 2385 2046 ea
2433 1983 2939 2063 arbusta,‘quo-

595 2106 739 2151 rum
788 2088 1088 2152 culturae
1134 2091 1210 2151 ut
1273 2086 1343 2152 in
1388 2086 1594 2152 Italia
1653 2086 2276 2169 praestantissimae
2344 2108 2423 2154 ac
2487 2088 2941 2155 nobilissimae

597 2213 819 2260 omnes
867 2194 1228 2275 scriptores
1303 2194 1520 2260 nostri
1588 2213 1908 2260 summum
1982 2195 2288 2261 tribuunt
2336 2195 2652 2279 studium,
2724 2197 2936 2263 oleam

598 2301 744 2367 dico
792 2305 861 2366 et
906 2301 1132 2368 vitem.

904 2476 1013 2541 Ad
1097 2477 1308 2542 oleum
1368 2477 1553 2559 prelo
1601 2476 1712 2543 vel
1782 2474 2108 2542 torculari
2156 2475 2632 2542 conficiendum
2698 2476 2940 2543 consti-

598 2584 814 2649 tuitur
861 2585 1035 2665 quod
1081 2589 1364 2649 vocatur
1409 2584 1814 2666 torcular,
1866 2582 2204 2649 conditum
2252 2582 2598 2665 reponitur
2630 2584 2841 2648 oleum
2873 2583 2943 2647 in

598 2692 821 2757 cella
887 2691 1225 2756 olearia.
1321 2691 1505 2773 Quae
1569 2692 1864 2756 membra
1929 2690 2434 2773 distinguuntur
2498 2692 2642 2756 Cat.
2716 2688 2819 2772 60,
2879 2688 2940 2756 2.

599 2795 712 2882 66;
792 2798 926 2863 Col.
1027 2798 1184 2863 XII.
1270 2795 1374 2881 52,
1455 2796 1559 2864 13.
1669 2798 2015 2881 Occupant
2090 2800 2256 2864 haec
2348 2803 2528 2864 certe
2607 2798 2940 2881 proprium

596 2909 906 2986 tractum,
956 2925 1144 2986 quem
1182 2905 1530 2972 Vitruvius
1578 2905 1721 2989 (VI.
1786 2903 1845 2988 9,
1895 2904 1962 2982 2)
2008 2905 2375 2988 proximum
2423 2943 2507 2952 —-
2551 2925 2675 2972 nec
2721 2917 2942 2972 tamen

599 3011 1019 3077 coniunctum
1070 3048 1150 3056 —-
1203 3012 1465 3078 culinae
1514 3032 1661 3079 esse
1721 3013 1869 3079 vult
1918 3015 2323 3079 commodam
2370 3032 2710 3080 servorum
2755 3011 2939 3078 mini-

598 3118 990 3185 strationem
1053 3120 1438 3202 respiciens.
1533 3120 1968 3186 Coniunctum
2027 3140 2168 3186 esse
2232 3120 2493 3186 culinae
2540 3140 2616 3185 eo
2678 3120 2943 3186 facilius

595 3225 968 3308 negaveris,
1019 3246 1144 3307 quo
1191 3227 1458 3309 planius
1509 3227 1872 3293 Columella
1919 3226 2223 3307 quamvis
2276 3226 2561 3293 calidam
2610 3227 2947 3294 desideret

598 3333 830 3397 cellam
894 3333 1231 3415 oleariam,
1305 3338 1374 3399 et
1436 3333 1682 3398 fumum
1758 3337 1827 3398 et
1889 3332 2205 3416 uliginem
2271 3334 2488 3400 arceri
2547 3334 2703 3400 inde
2762 3334 2946 3400 iubet

597 3440 763 3523 (Col.
813 3439 970 3504 XII.
1021 3437 1129 3522 52,
1182 3439 1312 3521 13).
1408 3439 1555 3523 Qua
1619 3462 1692 3507 re
1742 3445 1810 3507 et
1875 3440 2174 3506 torcular
2230 3447 2298 3507 et
2354 3442 2587 3507 cellam
2650 3439 2948 3507 meridiei

598 3552 906 3627 opportet
939 3566 1083 3612 esse
1131 3547 1502 3629 oppositam
1544 3547 1824 3629 indeque
1857 3548 2068 3613 lucem
2115 3567 2234 3629 per
2265 3548 2597 3615 fenestras
2646 3547 2949 3629 accipere

596 3657 706 3738 (V.
754 3655 807 3720 I.
861 3651 964 3736 13,
1030 3651 1103 3737 73
1172 3654 1306 3719 Col.
1356 3655 1409 3719 I.
1476 3652 1537 3738 6,
1602 3652 1719 3740 183
1783 3656 1860 3720 P.
1909 3655 1952 3719 Ι.
2000 3652 2107 3737 20,
2175 3652 2248 3740 1;
2309 3654 2483 3720 Vitr.
2547 3655 2662 3720 VI.
2733 3653 2792 3738 9,
2856 3653 2946 3738 3).

596 3761 889 3828 Palladii
965 3780 1119 3827 vero
1181 3767 1408 3827 aetate
1463 3762 1595 3827 iam
1673 3762 1894 3828 sciunt
1969 3780 2202 3843 purum
2251 3761 2537 3827 calorem
2612 3761 2950 3843 prohibita

599 3868 759 3933 fumi
833 3868 1035 3933 noxia
1111 3867 1202 3932 in‘
1253 3870 1552 3934 torcular
1626 3871 2010 3951 perducere,
2091 3888 2235 3934 cum
2312 3870 2452 3934 solo
2515 3869 2949 3934 substernunt

598 3995 1033 4058 suspensuras
1100 3980 1169 4041 et
1244 3975 1517 4043 fornace
1574 3996 1895 4043 succensa
1951 3976 2398 4058 pavimentum
2454 3975 2683 4058 itaque
2738 3980 2952 4042 totam

598 4082 830 4148 cellam
881 4082 1286 4148 calefaciunt
1336 4084 1435 4167 (P.
1485 4084 1538 4149 Ι.
1589 4081 1695 4166 20,
1747 4081 1832 4168 2).
1927 4084 2130 4149 01333
2176 4103 2346 4166 quae
2392 4083 2576 4165 prelo
2626 4082 2948 4149 subicien-

578 4191 723 4254 dae
785 4195 1123 4272 curantur,
1188 4189 1259 4254 in
1324 4191 1700 4256 tabulatum
1761 4190 1945 4273 prius
2007 4190 2457 4273 conferuntur,
2536 4193 2712 4257 unde
2758 4209 2951 4272 quam

597 4295 876 4380 primum
925 4302 1106 4363 certe
1155 4300 1383 4364 eodem
1431 4298 1537 4365 die
1586 4300 1673 4366 ad
1720 4299 2022 4365 torcular
2068 4300 2497 4366 descendant.
2546 4301 2692 4367 Hoc
2731 4302 2951 4364 autem
