3392 5050
1554 369 1991 447 ...32-

588 550 1015 642 gallinarium
1059 554 1176 623 ille
1220 556 1293 623 iu
1338 560 1506 624 duas
1554 576 1799 624 caveas
1847 577 1994 624 cum
2039 557 2257 625 medio
2305 556 2503 643 ostio,
2549 555 2660 627 bic
2690 555 2762 626 in
2793 565 2939 628 tres

590 665 816 748 cellaS,
864 685 1140 748 quarum
1183 665 1405 731 media
1447 666 1657 731 multo
1702 665 1918 731 minor
1962 666 2217 732 aditum
2261 668 2486 747 habet,
2535 665 2662 748 fqui
2707 673 2939 734 exstat

590 792 759 840 unus
825 792 949 839 nec
994 772 1269 856 gallinis
1312 777 1694 854 occupatur.
1790 772 2032 838 Mirum
2063 778 2169 838 est
2201 775 2567 839 Varronem
2613 792 2936 856 nusquam

590 899 1098 947 commemorare
1143 878 1571 962 gallinarium
1617 897 1765 944 cum
1810 877 2007 944 furno
2073 879 2182 945 vel
2243 880 2467 945 culina
2513 881 2931 947 coniunctum

588 1008 713 1055 nec
757 1007 889 1053 non
948 988 1156 1054 verba
1216 986 1359 1052 eius
1424 985 1742 1052 videntur
1816 988 2167 1051 admodum
2234 988 2538 1068 obscura,
2616 994 2924 1069 quantum

588 1095 926 1178 pertineat
970 1096 1059 1160 ad
1104 1092 1504 1176 gallinarum
1536 1093 1804 1175 cubilia,
1853 1113 2022 1174 quae
2071 1093 2318 1158 statuit
2363 1098 2434 1158 et
2479 1093 2546 1158 in
2581 1086 2930 1160 cavearum

588 1201 843 1284 pariete
887 1200 1160 1267 exclusa
1205 1205 1275 1265 et
1320 1219 1551 1264 rursus
1597 1199 1664 1264 in
1713 1199 1958 1281 grandi
2027 1200 2359 1265 curat-oris
2425 1201 2598 1265 cella
2659 1200 2934 1282 parieti-

589 1311 712 1376 bus
752 1309 997 1375 circum
1043 1307 1393 1389 exsculpta
1437 1314 1557 1371 aut
1604 1306 1885 1390 adficta3
1932 1307 2100 1372 haec
2147 1312 2371 1372 autem
2417 1327 2551 1372 uua
2595 1314 2667 1373 et
2703 1309 2934 1372 eadem

590 1415 934 1482 existimat
999 1413 1180 1498 (Keil
1227 1432 1454 1478 comm.
1521 1415 1608 1477 ad
1654 1413 1717 1477 h.
1763 1412 1837 1492 L)
1897 1412 2139 1478 iterum
2209 1414 2592 1479 accuratius
2657 1413 2935 1479 definita

589 1540 802 1603 neque
848 1521 1211 1588 Columella
1243 1522 1372 1585 duo
1420 1518 1734 1585 cubilium
1782 1518 2047 1585 diversa
2077 1521 2226 1585 loca
2258 1520 2635 1604 distinguit.
2683 1524 2832 1604 Qua
2862 1540 2934 1585 re

590 1628 913 1695 Varronis
971 1629 1147 1694 hunc
1228 1627 1443 1693 locum
1517 1626 1619 1691 ita
1681 1625 2150 1710 intellegimus,
2220 1633 2297 1692 ut
2372 1628 2703 1693 curatoris
2763 1628 2936 1693 cella

589 1738 830 1820 quippe
876 1755 1047 1818 quae
1114 1733 1390 1818 grandis
1460 1733 1854 1815 appelletur,
1919 1753 2162 1799 caveas
2233 1754 2274 1799 a
2343 1735 2560 1800 tribus
2629 1735 2935 1816 partibus

591 1845 1196 1927 circumplectatur,
1243 1850 1320 1906 ut
1365 1841 1600 1905 harum
1645 1839 1941 1921 parietes
2011 1840 2205 1905 simul
2273 1840 2457 1906 illius
2503 1841 2747 1923 partim
2793 1840 2935 1906 effi-

591 1953 776 2020 ciant
823 1949 1170 2016 circuitum
1218 1948 1446 2028 itaque
1493 1947 1697 2012 etiam
1765 1947 1876 2012 hic
1945 1947 2289 2013 contineat
2349 1947 2591 2013 circum
2664 1948 2932 2013 cubilia.

592 2061 850 2125 Caveas
895 2058 1077 2141 ipsas
1124 2057 1340 2120 Varro
1398 2053 1566 2119 facit
1628 2055 1854 2120 decem
1900 2056 2103 2135 pedes
2158 2054 2416 2137 longas»,
2487 2056 2666 2120 altas
2733 2055 2933 2137 paulo

589 2166 825 2250 minuS,
889 2164 1174 2247 quinque
1251 2164 1455 2244 pedes
1536 2161 1737 2244 lataS,
1808 2160 2217 2243 similemque
2293 2162 2495 2228 sumit
2571 2162 2934 2228 Columella

590 2276 869 2338 duarum
925 2272 1011 2337 ab
1058 2276 1343 2351 utraque
1394 2274 1587 2350 parte
1628 2268 1946 2347 cellarum
1984 2268 2505 2352 dispositionem,
2553 2270 2933 2335 attribuens

592 2380 676 2446 iis
724 2378 1141 2463 longitudine
1187 2383 1257 2442 et
1303 2375 1663 2442 altitudine
1712 2375 2057 2441 duodecim
2103 2378 2326 2459 pedes,
2391 2376 2463 2441 in
2509 2376 2934 2443 latitudinem

594 2487 864 2555 dimidio
931 2486 1163 2553 minus.
1269 2486 1517 2551 Lucem
1584 2484 1925 2566 accipiunt
1992 2485 2139 2568 hae,
2207 2491 2284 2550 ut
2342 2484 2443 2550 ait
2498 2485 2736 2567 Varro,
2813 2503 2932 2566 per

592 2595 892 2678 singulas
939 2593 1273 2660 fenestras
1336 2598 1478 2658 tres
1532 2594 1737 2673 pedes
1799 2591 1996 2674 latas,
2068 2597 2387 2673 quattuor
2442 2591 2621 2657 altas
2686 2611 2931 2672 easque

592 2702 949 2771 viminibus
995 2703 1345 2767 clatratas.
1438 2699 1715 2765 Aditum
1771 2706 2043 2781 praeter
2097 2699 2429 2766 curatoris
2498 2700 2740 2765 ostium
2799 2718 2931 2763 om—

592 2812 748 2877 nino
794 2808 1114 2892 neglegit.
1208 2808 1589 2889 Columella,
1638 2806 1753 2888 qui
1798 2806 2272 2872 sublimitatem
2323 2805 2570 2872 dividit
2606 2806 2929 2871 tabulatis

594 2925 847 3000 ‚septem
893 2916 1172 2999 pedibus
1217 2936 1258 2981 a
1306 2925 1491 2980 terra
1537 2913 1741 2980 editis
1786 2913 2036 2998 (media
2079 2913 2292 2995 igitur
2337 2913 2510 2978 cella
2568 2919 2717 2978 tota
2779 2913 2925 2979 alti·

594 3026 827 3092 tudine
872 3045 997 3106 par
1042 3029 1147 3090 est
1193 3024 1338 3088 loco
1386 3021 1719 3103 utrimque
1765 3021 2093 3086 tabulatis
2131 3020 2480 3104 subiecto),
2528 3020 2922 3102 superiorem

594 3139 851 3215 partem
898 3131 1290 3213 fenestellis,
1339 3131 1427 3195 ad
1474 3148 1638 3209 quas
1686 3148 1729 3193 a
1776 3129 2051 3193 cohorte
2114 3127 2485 3193 forinsecus
2545 3147 2667 3209 per
2720 3144 2925 3193 asser-

597 3241 779 3306 culos
810 3241 1175 3306 escendant
1203 3258 1364 3305 aves
1398 3238 1800 3317 eaedemque
1845 3255 1965 3316 per
2009 3241 2273 3301 noctem
2297 3235 2716 3317 claudantur,
2765 3232 2933 3299 facit

595 3347 857 3429 intrari,
905 3345 1286 3411 inferiorem
1332 3350 1624 3410 tractum
1671 3343 2032 3411 maioribus
2080 3364 2122 3410 a
2153 3344 2377 3410 fronte
2422 3344 2736 3410 fenestris
2767 3342 2933 3424 ipsis

596 3453 906 3520 clatratis
951 3452 1096 3518 fieri
1139 3452 1486 3518 illustrem.
1576 3451 1658 3515 In
1703 3450 2075 3532 parietibus
2105 3453 2340 3517 harum
2372 3452 2699 3532 utrimque
2732 3450 2934 3515 cella-

595 3583 740 3628 rum
803 3567 1077 3628 exstant
1144 3561 1365 3629 avium
1427 3559 1674 3626 cubilia
1752 3558 2000 3641 excisa,
2079 3578 2247 3640 quae
2312 3564 2538 3624 tamen
2613 3556 2819 3621 etiam
2864 3555 2934 3619 in

597 3669 812 3752 qualis
858 3669 1185 3752 vimineiS,
1251 3687 1413 3751 quos
1458 3666 1631 3749 palis
1693 3665 1762 3731 in
1819 3665 2114 3747 parietes
2180 3664 2352 3729 actis
2413 3661 2927 3745 superposueris

597 3798 743 3845 esse
790 3783 1085 3861 possunt.
1179 3775 1601 3842 Dormientes
1648 3774 1944 3856 gallinae
1992 3775 2227 3838 sedent
2281 3771 2350 3834 in
2394 3768 2672 3851 perticis
2719 3768 2936 3851 parie-

598 3886 779 3953 tibus
825 3884 1155 3965 utrimque
1201 3882 1424 3949 infixis
1489 3881 1742 3947 formae
1812 3899 1944 3945 non
1989 3881 2336 3961 rotundae,
2386 3879 2505 3943 sed
2543 3879 2932 3957 quadratae.
3039 3963 3040 3966 Ἴ

597 3994 793 4074 Aqua
839 3996 908 4058 et
955 3991 1141 4057 cibus
1187 3990 1284 4056 eis
1329 3990 1690 4071 praebetur
1751 4008 1871 4070 per
1935 3986 2203 4052 canales
2265 3982 2593 4066 operculis
2650 3983 2935 4065 clausaS,

598 4102 717 4165 sed
760 4098 1035 4165 modicis
1082 4098 1266 4165 cavis
1312 4097 1691 4179 perforatas
1741 4095 1840 4160 ita
1885 4099 1963 4159 ut
2009 4093 2235 4174 capita
2282 4096 2543 4156 tantum
2573 4090 2938 4157 bibentium

597 4205 1064 4272 immittantur.
1127 4205 1337 4288 Atqui
1381 4205 1638 4270 mediae
1688 4204 1915 4285 cellae,
1984 4220 2180 4282 quam
2236 4205 2703 4266 commemorat
2749 4198 2936 4263 Colu-

599 4313 817 4396 mella,
887 4334 968 4379 ne
1028 4313 1362 4379 minimam
1427 4311 1689 4394 quidem
1760 4311 2002 4375 iterum
2068 4307 2235 4373 facit
2304 4305 2720 4372 mentionem.
2801 4303 2937 4369 Nos
