3392 5050
1403 403 1854 470 .—5*

500 579 562 665 5,
612 580 699 666 5).
793 581 979 647 Idem
1026 578 1325 648 obiectus
1382 581 1472 647 sit
1533 600 1664 645 non
1729 584 1812 647 ab
1876 602 1956 648 ea
2001 587 2214 664 parte,
2278 584 2451 648 unde
2509 601 2741 666 agrum
2804 602 2846 647 a

500 691 638 756 sole
685 690 1019 771 excludat,
1070 691 1189 777 sed
1236 693 1353 754 aut
1401 691 1485 754 ab
1534 689 1879 764 occidente
1927 695 2044 755 aut
2093 711 2133 755 a
2166 690 2618 771 septentrione
2654 689 2754 774 (P.
2788 690 2842 756 Ι.

501 793 559 879 7,
610 794 699 872 3).
792 797 1016 878 Atque
1064 797 1123 862 si
1170 797 1462 878 eligatur
1509 795 1718 878 collis,
1767 797 1876 863 1110
1908 797 2201 862 molliter
2232 797 2322 863 sit
2350 797 2625 864 declivis
2674 796 2842 881 (Col.

495 903 550 969 I.
600 901 661 987 2,
725 900 805 989 3,
872 903 943 967 Ρ.
991 905 1045 969 Ι.
1111 901 1172 986 5,
1236 902 1307 981 5)
1399 903 1674 986 ipsaque
1757 903 2082 987 aedificia,
2131 923 2215 969 ne
2277 903 2673 969 torrentium
2738 903 2841 970 vis

496 1010 933 1091 fundamenta
980 1011 1333 1091 convellat,
1404 1011 1548 1076 loco
1604 1011 1912 1077 nitantur
1976 1011 2315 1094 paululum
2361 1010 2874 1078 intumescente-

496 1118 665 1203 (Col.
713 1117 768 1183 Ι.
817 1115 878 1201 4,
929 1116 1061 1202 10).

2207 1225 2328 1305 cs

814 1292 1069 1360 Latera
1115 1299 1336 1358 autem
1385 1293 1573 1360 collis
1621 1314 1702 1360 ea
1748 1294 2236 1377 praeferuntur,
2296 1314 2461 1375 quae
2511 1297 2596 1361 ad
2649 1295 2880 1361 meri--

495 1401 668 1467 diem
714 1401 822 1468 vel
870 1402 955 1465 ad
1018 1401 1339 1466 orientem
1403 1405 1731 1482 spectant.
1805 1400 1995 1484 Quod
2043 1401 2208 1466 Cato
2254 1401 2441 1466 illum
2501 1404 2583 1484 (0.
2635 1400 2694 1484 1,
2746 1400 2837 1484 3),

493 1514 709 1579 Varro
774 1513 947 1577 hunc
1004 1508 1083 1591 (Ι.
1136 1506 1239 1591 12,
1291 1506 1356 1592 1)
1418 1528 1614 1574 unum
1668 1510 1923 1591 laudat,
1992 1509 2354 1575 Columella
2414 1509 2494 1592 (I.
2543 1507 2604 1591 2,
2654 1507 2721 1590 3)
2770 1516 2838 1576 et

492 1619 837 1687 Palladius
916 1619 999 1703 (Ι.
1072 1614 1132 1700 7,
1206 1614 1273 1698 3)
1339 1621 1687 1697 utrumque
1757 1616 1825 1681 in
1897 1636 2110 1698 aequa
2186 1623 2380 1699 parte
2427 1617 2836 1699 existimant,

490 1729 671 1793 haud
716 1727 995 1792 multum
1042 1723 1309 1789 differre
1357 1723 1654 1803 equidem
1706 1742 1961 1806 cense0‚
2011 1723 2206 1788 immo
2270 1728 2618 1804 utramque
2667 1722 2837 1789 caeli

432 1907 442 1923 ‚
488 1833 827 1917 regionem
896 1833 983 1897 ad
1028 1830 1475 1912 recipiendam
1523 1830 1682 1896 solis
1734 1830 1865 1896 vim
1912 1831 2275 1896 salutarem
2322 1830 2580 1912 pariter
2619 1830 2837 1896 videri

491 1944 735 2022 aptam,
785 1938 886 2004 ita
933 1943 1174 2020 tamen,
1225 1942 1300 2001 ut
1346 1936 1494 2017 ipsa
1541 1937 1705 2002 villa
1753 1939 1840 2002 ad
1866 1936 2187 2002 orientem
2219 1937 2440 2019 potius
2470 1957 2567 2020 ac,
2601 1937 2659 2003 si
2691 1936 2836 2003 fieri

489 2051 733 2129 potest,
805 2048 892 2111 ad
953 2045 1167 2128 ipsum
1228 2043 1779 2125 aequinoctialem
1866 2049 2082 2110 ortum
2145 2049 2599 2127 convertatur,
2661 2045 2835 2109 unde

490 2173 607 2220 aer
653 2158 914 2219 aestate
960 2152 1211 2233 umbra,
1261 2170 1376 2233 per
1423 2151 1703 2216 hiemem
1731 2152 1869 2217 3016
1915 2158 2324 2233 temperetur
2370 2153 2476 2234 (V.
2525 2153 2579 2217 Ι.
2616 2149 2719 2234 12,
2758 2148 2831 2235 1,

491 2262 625 2327 Col.
674 2261 729 2326 Ι.
778 2257 840 2343 5,
907 2257 997 2340 8).
1091 2259 1412 2324 Nimirum
1481 2259 1549 2323 in
1610 2259 1694 2325 iis
1758 2259 2139 2343 provinciis,
2203 2246 2371 2342 quae
2427 2260 2614 2342 ipsae
2677 2265 2834 2326 sunt

486 2368 887 2451 percalidae,
938 2370 1024 2433 311
1070 2367 1339 2432 nimium
1387 2366 1718 2433 fervorem
1766 2370 2131 2433 cavendum
2164 2367 2640 2449 septentrionis
2673 2388 2829 2450 pars

486 2475 718 2543 utilior
762 2477 1050 2543 habetur
1096 2474 1259 2559 (Col.
1307 2473 1359 2539 I.
1412 2471 1471 2557 5,
1523 2471 1597 2561 5,
1645 2474 1721 2540 P.
1770 2474 1824 2540 I.
1874 2471 1935 2558 7,
1986 2472 2072 2557 3).

804 2671 913 2735 Ad
960 2669 1332 2754 eligendam
1379 2671 1618 2735 bonam
1662 2670 1795 2736 loci
1843 2674 2156 2766 naturam
2217 2675 2571 2753 praeterea
2627 2669 2829 2751 pluri-

484 2797 659 2843 mum
721 2775 934 2843 refert
998 2796 1236 2858 aquam
1301 2778 1541 2843 bonam
1601 2777 1713 2843 vel
1782 2777 1852 2843 in
1916 2777 2059 2860 ipso
2122 2776 2327 2843 fundo
2384 2782 2655 2843 exstare
2718 2776 2828 2842 vel

486 2905 681 2967 quam
728 2883 1247 2950 commodissime
1295 2902 1370 2948 eo
1418 2885 1692 2966 perduci
1742 2885 1909 2966 (Cat.
1961 2883 2019 2968 1,
2071 2882 2140 2970 3,
2189 2885 2269 2950 V.
2317 2884 2371 2950 Ι.
2424 2883 2527 2968 11,
2577 2882 2647 2969 2,
2689 2882 2824 2949 Col.

484 2992 538 3057 I.
610 2988 670 3075 5,
742 2988 811 3077 1,
877 2991 951 3056 P.
1008 2990 1062 3055 I.
1122 2986 1225 3076 2),
1292 2996 1566 3073 propter
1632 2994 1904 3058 eandem
1985 2992 2318 3059 hominum
2389 3010 2826 3075 pecorumque

482 3097 886 3164 valetudinis
932 3097 1260 3163 rationem
1306 3097 1588 3164 vitanda
1634 3103 1791 3164 sunt
1837 3100 1986 3165 loca
2031 3100 2362 3182 palustria
2395 3100 2500 3184 (V.
2526 3099 2581 3166 Ι.
2615 3097 2719 3182 12,
2753 3095 2823 3183 2,

486 3204 621 3269 Col.
678 3204 732 3270 Ι.
782 3202 843 3288 5,
906 3201 974 3290 6,
1030 3205 1106 3269 P.
1154 3204 1205 3268 I.
1260 3201 1320 3286 7,
1370 3202 1446 3290 4,
1515 3205 1634 3271 cfr.
1685 3206 1860 3272 Vitr.
1927 3206 1980 3272 Ι.
2030 3205 2091 3291 4,
2142 3206 2214 3292 1)
2279 3207 2672 3289 minimeque
2733 3205 2824 3272 sit

484 3310 648 3377 villa
694 3313 781 3376 ad
824 3313 992 3377 haec
1058 3330 1398 3394 conversa,
1470 3313 1779 3394 quoniam
1846 3314 2060 3381 hieme
2105 3314 2340 3399 friguS,
2404 3319 2667 3381 aestate
2713 3333 2824 3379 ex-

482 3417 859 3483 halationes
926 3419 1377 3500 bestiolasque
1445 3420 1762 3487 molestas
1810 3427 1879 3487 et
1909 3423 2269 3505 pestiferas
2301 3424 2620 3505 praebere
2652 3423 2824 3488 solet

481 3524 673 3606 palus
720 3525 830 3607 (V.
878 3523 932 3589 Ι.
985 3522 1088 3607 12,
1137 3523 1226 3606 2).
1307 3527 1444 3592 Ν60
1489 3527 1703 3594 minus
1751 3529 1992 3595 fiumen
2038 3529 2096 3596 si
2142 3549 2347 3612 prope
2379 3530 2489 3613 sit,
2538 3528 2824 3596 frontem

480 3629 684 3696 villae
732 3631 815 3695 ab
861 3632 986 3697 hoc
1044 3652 1189 3699 esse
1253 3653 1558 3701 aversam
1620 3642 1886 3718 oportet
1943 3636 2145 3703 simili
2206 3657 2288 3702 ex
2350 3657 2554 3705 causa
2609 3639 2718 3722 (V.
2768 3637 2821 3703 Ι.

483 3735 585 3821 12,
655 3736 732 3823 1,
805 3738 940 3805 Col.
1008 3740 1062 3806 Ι.
1130 3738 1191 3823 5,
1252 3739 1326 3827 4,
1398 3742 1475 3814 Ρ.
1522 3744 1577 3809 Ι.
1650 3742 1712 3827 7,
1762 3742 1851 3828 4).
1944 3744 2268 3811 Maritimi
2332 3764 2562 3812 rursus
2633 3744 2824 3818 fundi

478 3845 708 3910 villam
757 3852 875 3912 aut
921 3846 991 3912 in
1037 3847 1236 3915 litore
1285 3853 1371 3915 ad
1436 3850 1649 3933 ipsum
1694 3852 1898 3920 maris
1947 3859 2205 3919 aestum
2252 3860 2370 3920 aut
2425 3853 2688 3936 longius
2737 3854 2821 3918 ab

480 3971 556 4017 60
603 3960 923 4020 remotam
970 3975 1118 4022 esse
1165 3963 1449 4040 oportet,
1500 3962 1673 4041 quod
1706 3960 1961 4027 modico
1995 3961 2349 4029 interiecto
2384 3961 2603 4044 spatio
2634 3961 2820 4045 regio

478 4059 695 4126 halitu
741 4061 1008 4130 laborat
1054 4065 1366 4149 graviore
1412 4067 1580 4152 (Col.
1628 4070 1681 4152 I,
1731 4067 1792 4154 5,
1843 4068 1929 4154 5).

798 4238 929 4304 Sed
1004 4245 1080 4305 ut
1141 4241 1490 4311 fertilitati
1552 4252 1620 4313 et
1685 4247 2076 4315 salubritati
2135 4250 2266 4316 loci
2329 4251 2456 4318 hae
2518 4252 2820 4319 serviunt

475 4343 792 4428 rationes,
842 4345 943 4412 ita
991 4350 1078 4413 ad
1124 4350 1488 4418 utilitatem
1535 4354 1948 4436 potissimum
2015 4359 2499 4425 consideranda
2551 4360 2821 4427 videtur
