3392 5050
1506 398 1945 465 *12*

867 583 1162 648 Interest
1222 579 1400 644 inter
1464 574 1759 641 Palladii
1820 578 1889 639 et
1954 573 2353 638 Columellae
2414 571 2895 652 descriptiones
2985 558 2993 577 ⁸

555 695 681 758 hoc
727 711 944 772 unum,
995 691 1168 770 quod
1214 686 1328 752 ille
1377 683 1673 750 aestivas
1707 681 2081 747 mansiones
2128 681 2197 745 in
2244 679 2522 745 orientis
2571 678 2896 746 solstitia·
2939 709 2943 713 ⁴

556 801 639 867 113
717 796 1313 881 septentrionisque
1388 794 1589 874 plaga
1638 791 1943 870 collocat,
2023 788 2132 853 hic
2210 787 2504 854 eiusdem
2572 785 2894 867 temporis

555 910 847 975 membra
895 908 981 971 ad
1026 902 1367 970 meridiem
1414 906 1482 965 et
1530 898 1854 964 orientem
1900 896 2246 962 hibernum
2279 895 2446 960 facit
2494 893 2892 976 spectantia.

555 1016 691 1081 Nos
740 1017 961 1079 autem
1007 1012 1077 1076 in
1122 1012 1251 1075 hac
1278 1028 1352 1073 re
1397 1004 1704 1071 Palladio
1753 1003 1973 1085 potius
2023 1002 2395 1069 accedimus
2443 1001 2700 1067 aestivo
2747 999 2898 1065 usui

558 1142 702 1191 cum
754 1112 1088 1187 'Vitruvio
1155 1113 1630 1198 septentrionis
1716 1117 1974 1192 partem
2050 1110 2262 1193 magis
2341 1129 2535 1191 quam
2594 1107 2896 1173 meridiei

556 1226 965 1315 assignanti3
1016 1223 1414 1291 Columellae
1464 1228 1685 1285 autem
1733 1217 2001 1300 rationi,
2080 1237 2248 1298 quae
2295 1215 2639 1299 praeferat
2700 1213 2893 1279 meri-

559 1338 748 1419 diem,
797 1337 975 1401 haud
1024 1333 1160 1400 scio
1194 1351 1281 1397 an
1326 1328 1544 1397 subsit
1591 1344 1798 1393 error.

1962 1509 2199 1574 Liceat
2234 1505 2661 1588 comparandi
2695 1525 2899 1572 causa

1832 1615 2033 1680 etiam
2112 1612 2409 1679 Vitruvii
2481 1611 2720 1678 afferre
2788 1615 2897 1677 de-

1828 1723 2270 1804 scriptionem.
2321 1721 2619 1788 Collocat
2666 1719 2774 1784 1113
2812 1722 2894 1785 ad

1721 1836 1753 1843 ’“
1829 1830 2151 1896 orientem
2213 1849 2477 1896 versum
2546 1847 2753 1894 verna
2830 1832 2899 1892 et

1539 2010 1571 2032 -.
1830 1937 2242 2002 autumnalia
2334 1935 2650 2017 triclinia,
2759 1940 2899 2001 tum

1579 2032 1617 2057 ⁸*
1647 2069 1683 2092 *-
1716 2106 1749 2127 -.
1829 2043 2201 2125 promiscue
2264 2044 2569 2110 cubicula
2651 2047 2720 2108 et
2799 2041 2897 2106 bi-

1828 2151 2219 2234 bliothecaS,
2255 2154 2342 2216 ad
2383 2149 2900 2231 septentrionem

594 2258 656 2295 a:
693 2243 935 2344 triclinia
954 2264 1122 2302 verna
1160 2252 1216 2303 et
1251 2253 1610 2320 autumnalia,
1650 2254 1800 2307 cubi·
1837 2257 2135 2324 triclinia,
2226 2257 2507 2339 aestiva,
2623 2256 2901 2321 hiberna

594 2331 734 2394 cula,
762 2333 1147 2407 b1bliothecae3
1188 2356 1243 2392 c:
1282 2341 1523 2395 triclinia
1551 2343 1793 2410 hiberna,
1835 2369 1921 2432 ad
1947 2365 2354 2431 occidentem
2384 2363 2731 2428 hibernum
2776 2360 2899 2425 ibi„

646 2436 652 2440 ·
741 2422 1021 2494 1)3111311111;
1063 2427 1122 2481 d:
1160 2429 1399 2485 triclinia
1437 2432 1660 2485 aestiva.
1835 2477 2109 2555 demque
2145 2472 2402 2553 balnea,
2449 2474 2526 2535 ut
2556 2468 2711 2535 hine
2745 2486 2899 2551 quo-

559 2589 683 2651 que
731 2572 1103 2645 efficiamus
1133 2580 1401 2663 vobliqui
1449 2583 1677 2666 anguli
1725 2583 2022 2649 formam.

517 2853 523 2857 -
872 2758 1217 2828 Ρ3113(11113
1278 2763 1516 2830 balneo
1593 2764 1843 2830 lumina
1905 2765 2051 2829 dari
2112 2764 2298 2829 iubet
2361 2784 2401 2829 a
2447 2767 2641 2846 parte
2708 2761 2899 2828 meri-

559 2862 758 2928 diana
806 2871 874 2942 et
920 2868 1303 2936 occidentis*
1330 2871 1610 2955 hiberni,
1661 2877 1737 2937 ut
1782 2872 1872 2938 sit
1917 2877 2162 2937 natura
2207 2871 2492 2937 calidum
2540 2876 2609 2937 et
2656 2871 2901 2937 siccum

556 2969 637 3052 (I.
691 2970 794 3054 39,
861 2973 946 3055 1),
1028 2996 1157 3057 (1113
1203 2998 1276 3043 13
1342 2979 1409 3043 111
1480 2981 1724 3063 angulo
1792 2983 1877 3045 ad
1954 2980 2296 3046 meridiem
2345 2985 2413 3045 et
2491 2979 2901 3044 occidentem

558 3084 904 3158 spectante
972 3084 1127 3164 poni
1188 3087 1490 3151 balneum
1553 3108 1825 3154 11333333
1881 3095 2001 3154 331.
2093 3083 2187 3153 Α1
2249 3090 2420 3169 quod
2468 3086 2598 3151 iam
2663 3085 2900 3151 'distin-

557 3184 704 3266 guit
797 3188 877 3252 de
950 3189 1386 3269 piscinalibus
1480 3194 1665 3260 cellis
1752 3194 2013 3261 aestiva
2105 3199 2304 3275 atque
2396 3194 2676 3258 hiberna
2757 3192 2899 3256 bal-

557 3311 685 3357 nea
752 3293 1001 3376 illaque
1066 3318 1106 3362 a
1154 3300 1625 3384 septentrione,
1697 3304 1864 3367 haec
1914 3323 1954 3367 a
2014 3301 2290 3366 meridie
2339 3300 2682 3366 existimat
2753 3300 2915 3364 illu--

558 3403 838 3466 stranda
865 3401 934 3486 (I.
973 3401 1076 3486 39,
1126 3402 1219 3488 4),
1269 3405 1470 3473 inseri
1515 3414 1795 3490 possunt
1843 3408 2085 3474 ceteris
2117 3407 2559 3474 habitationis
2591 3407 2900 3473 membris

557 3507 683 3572 hac
730 3528 862 3574 una
911 3512 1313 3597 condicione,
1375 3520 1451 3580 ut
1500 3535 1644 3581 cum
1690 3516 2024 3582 fenestras
2094 3517 2451 3582 habuerint
2521 3517 2902 3597 plerumque

558 3615 627 3679 in
677 3618 955 3684 cameris
1004 3619 1104 3685 113
1152 3621 1512 3703 perforatis
1574 3623 1933 3705 impressas
1982 3624 2380 3708 (Overbeck,
2443 3622 2742 3705 Pompeji
2791 3642 2898 3705 pg.

558 3720 736 3807 204),
787 3743 1088 3793 331113133
1136 3748 1330 3811 snper
1378 3735 1671 3796 ceterum
1718 3731 1914 3797 huius
1962 3732 2196 3798 lateris
2243 3736 2534 3797 tractum
2582 3730 2718 3796 sint
2765 3730 2900 3795 edi-

559 3835 690 3912 tae,
762 3851 844 3897 ne
906 3833 1124 3899 lumen
1187 3857 1227 3901 a
1296 3837 1512 3903 tribus
1575 3841 1651 3902 ut
1714 3856 1916 3920 supra
1980 3835 2263 3904 diximus
2339 3837 2644 3921 partibus
2708 3836 2901 3903 simul

560 3938 828 4003 admitti
872 3942 1324 4022 prohibeatur.

873 4096 1207 4178 Quantum
1255 4101 1341 4163 ad
1387 4100 1734 4166 materiem
1780 4106 1848 4166 et
1895 4105 2303 4167 structuram
2333 4100 2529 4167 huius
2578 4100 2903 4183 praetorii

560 4201 918 4283 pertineat,
968 4209 1240 4285 praeter
1286 4206 1695 4273 subtiliorem
1744 4206 1962 4289 operis
2010 4207 2282 4273 tectorii
2342 4208 2731 4290 politionem
2777 4209 2901 4273 hoc

558 4326 691 4372 non
737 4309 942 4373 multo
994 4310 1259 4378 differre
1321 4314 1405 4378 ab
1454 4314 1778 4380 aedificiis
1825 4314 2097 4381 rusticis
2144 4314 2430 4381 videtur.
2526 4317 2719 4380 Hanc
2764 4333 2901 4379 rem
