3392 5050
1442 417 1629 425 a--
1725 375 1810 444 34
1904 406 1992 424 —k

591 559 773 621 certe
804 573 949 621 esse
978 553 1048 619 in
1078 558 1260 620 tecto
1292 556 1675 634 putandum.
1768 551 1909 635 Ipsi
1953 551 2247 635 parietes
2293 558 2694 620 marmorato
2733 539 2966 636 opere⁸
3065 562 3070 567 “

590 667 747 729 sunt
793 661 1006 745 obliti,
1053 664 1130 726 ut
1178 667 1247 726 et
1291 659 1574 743 levigati
1622 660 2020 741 prohibeant
2055 659 2324 725 noxium
2371 661 2652 742 quodvis
2683 661 2931 726 animal

591 788 900 852 arrepere
969 774 1040 834 et
1087 766 1385 833 dealbati
1440 767 1759 834 columbis
1820 767 2069 834 laetum
2147 771 2514 834 obtendant
2568 774 2928 851 aspectum.

589 877 962 958 Exsculpta
1016 895 1135 958 per
1211 873 1505 940 ordinem
1568 874 1975 941 columbaria
2042 877 2332 941 rotunda
2393 880 2733 942 ternarum
2791 876 2930 957 pal-

589 1002 841 1050 marum
918 1003 999 1049 ex
1078 981 1375 1047 omnibus
1451 981 1757 1063 partibus
1847 982 2264 1065 praepositas
2329 983 2580 1049 habent
2649 983 2929 1068 singulis

592 1090 934 1157 ordinibus
981 1090 1281 1155 tabulam
1326 1108 1445 1170 pro
1476 1089 1830 1155 vestibulo.
1930 1089 2140 1156 Fetae
2188 1090 2529 1157 columbae
2577 1091 2929 1173 interdum,

589 1194 665 1265 ut
712 1198 970 1281 possint
1033 1197 1320 1280 evolare,
1398 1197 1466 1263 in
1542 1198 1757 1263 locum
1825 1198 1957 1264 reti
2021 1200 2347 1266 seclusum
2413 1199 2931 1282 transferuntur,

589 1309 764 1373 unde
832 1306 1051 1371 exitus
1127 1309 1319 1387 patet
1399 1307 1485 1370 ad
1548 1303 1842 1372 fundum.
1935 1308 2131 1387 Aqua
2193 1308 2394 1372 datur
2457 1305 2747 1373 bibenda
2815 1326 2935 1389 per

592 1413 881 1495 canales,
973 1416 1050 1477 ut
1117 1411 1404 1493 videtur,
1474 1411 1755 1478 influens
1821 1418 1891 1478 et
1955 1412 2347 1496 lacusculos,
2411 1413 2525 1479 ubi
2592 1414 2929 1497 laventur,

590 1519 904 1587 efficiens.
999 1518 1280 1585 Canales
1342 1517 1586 1584 circum
1634 1519 1928 1602 parietes
1994 1520 2199 1585 etiam
2269 1520 2450 1587 cibos
2516 1520 2933 1588 extrinsecus

520 1640 547 1664 ·'
590 1649 709 1711 per
753 1627 1014 1694 fistulas
1061 1625 1411 1710 recipiunt.
1506 1626 1615 1692 Sic
1661 1646 1794 1692 una
1841 1627 2190 1693 includunt
2237 1626 2459 1695 avium
2526 1630 2612 1694 ad
2646 1628 2932 1711 quinque

588 1733 776 1836 milia
821 1735 929 1818 (V.
978 1734 1100 1800 111.
1151 1730 1212 1817 7,
1262 1731 1350 1816 2).

909 1910 991 1974 In
1036 1908 1210 1975 turri
1254 1909 1363 1975 vel
1411 1911 1532 1976 sub
1578 1910 1782 1977 villae
1830 1915 2012 1977 tecto
2060 1912 2290 1977 eadem
2337 1911 2514 1978 ratio
2576 1909 2933 1977 adhibetur

592 2021 679 2084 ad
750 2017 1138 2083 collocanda
1208 2015 1278 2081 in
1368 2016 1626 2099 pariete
1690 2016 2100 2083 columbaria
2162 2036 2513 2099 eorumque
2576 2019 2930 2102 vestibula,

592 2128 678 2191 ad
745 2123 1171 2208 levigandum
1226 2127 1295 2188 et
1365 2124 1806 2189 dealbandum
1874 2143 2036 2206 opus
2097 2123 2471 2208 tectorium,
2539 2127 2625 2191 ad
2694 2145 2933 2208 aquam

593 2231 875 2314 denique
922 2236 992 2297 et
1063 2231 1280 2297 cibum
1342 2234 1799 2313 apponendum
1868 2232 2032 2317 (Col.
2082 2232 2271 2298 VIII.
2319 2230 2380 2315 8,
2431 2231 2517 2312 3).
2610 2232 2740 2298 Sed
2787 2250 2933 2299 cum

590 2341 699 2407 hic
747 2340 1128 2407 suburbana
1175 2336 1586 2420 potissimum
1619 2337 1768 2404 loca
1814 2338 2131 2421 respiciat
2163 2338 2470 2423 scriptor,
2520 2338 2632 2405 ubi
2661 2343 2935 2420 propter

593 2465 916 2530 aucupum
964 2445 1179 2510 dolum
1230 2463 1361 2510 non
1409 2445 1765 2535 conveniat
1823 2445 2032 2511 libere
2102 2446 2329 2513 volare
2391 2445 2745 2529 columbaS,
2816 2447 2934 2530 sed

592 2553 843 2622 includi
903 2572 1160 2635 semper
1228 2552 1318 2619 sit
1387 2573 1568 2636 opuS,
1640 2560 1901 2637 partem
1977 2554 2216 2638 deligit
2277 2553 2678 2621 columbario
2743 2573 2938 2635 quam

594 2661 1066 2740 calidissimam
1143 2665 1213 2726 et
1290 2659 1596 2743 assignat
1672 2659 2010 2726 meridiem
2085 2661 2432 2727 hibernum
2508 2664 2597 2746 (v.
2645 2681 2754 2744 pg.
2805 2659 2934 2744 10).

594 2772 962 2838 Fenestrae
1011 2775 1233 2835 autem
1281 2770 1590 2853 apposita
1641 2776 1888 2854 exstat,
1954 2770 2068 2835 ubi
2128 2771 2511 2854 apricentur
2577 2770 2935 2853 columbae,

595 2896 797 2945 cavea
827 2876 1084 2942 retibus
1118 2878 1440 2942 adversus
1475 2876 1862 2959 accipitrem
1893 2877 2167 2960 munita,
2218 2898 2385 2960 quae
2433 2879 2581 2961 ipsa
2628 2869 2934 2945 bifariam

592 2985 862 3051 videtur
910 2982 1130 3051 divisa
1199 2983 1475 3050 seclusis
1539 2984 2011 3051 incubantibus
2075 2985 2221 3069 (cfr.
2300 2986 2494 3052 Varr.
2542 2985 2669 3051 III.
2719 2982 2778 3067 7,
2844 2982 2928 3067 6),

594 3091 831 3174 quibus
878 3090 1057 3174 solis,
1107 3095 1184 3155 ut
1229 3090 1634 3174 reficiantur,
1685 3094 1886 3157 datur
1933 3092 2115 3158 foras
2175 3111 2484 3176 egressus
2532 3091 2696 3178 (Col.
2742 3089 2926 3157 VIII.

594 3197 656 3283 8,
706 3197 800 3284 4).

911 3322 1258 3390 Palladius
1306 3323 1518 3406 uniuS,
1568 3328 1643 3390 ut
1690 3343 1893 3406 supra
1939 3322 2243 3408 diximus,
2302 3325 2611 3393 saxatilis
2672 3323 2936 3409 generis

591 3449 839 3496 memor
885 3431 1359 3497 columbarium
1406 3430 1588 3497 intra
1633 3431 2042 3514 praetorium
2078 3431 2146 3495 in
2192 3431 2519 3498 turricula
2566 3431 2937 3530 constituit,

595 3537 780 3604 cuius
856 3537 1150 3619 parietes
1226 3537 1509 3621 levigati
1586 3558 1664 3604 ac
1744 3538 2041 3605 dealbati
2109 3539 2459 3606 mustelam
2518 3539 2935 3622 prohibeant,

593 3663 846 3710 summa
915 3664 1072 3726 pars
1136 3644 1318 3724 intus
1359 3644 1709 3711 contineat
1777 3645 1968 3712 nidos
2016 3652 2086 3711 et
2153 3664 2271 3728 per
2334 3644 2722 3712 fenestellas
2792 3649 2935 3713 bre-

593 3750 900 3818 vissimas
949 3771 990 3816 a
1038 3755 1354 3833 quattuor
1422 3752 1727 3833 partibus
1790 3772 2125 3835 egressum
2189 3755 2303 3818 det
2351 3751 2668 3818 columbis
2731 3751 2935 3819 intro·

592 3857 908 3939 itumque.
998 3856 1232 3940 Addit,
1282 3863 1358 3923 ut
1404 3864 1509 3925 est
1553 3859 1836 3926 maxime
1884 3859 2407 3942 superstitiosus,
2457 3858 2682 3925 varias
2732 3865 2935 3943 artes,

594 3970 668 4030 ut
714 3963 1033 4030 libentius
1080 3967 1362 4031 redeant
1407 3966 1716 4048 propriae
1764 3973 1966 4047 atque
2013 3965 2383 4032 illiciantur
2444 3965 2704 4032 alienae
2775 3987 2935 4034 aves

567 4074 672 4156 .(1.
723 4068 856 4154 24).

911 4193 1053 4260 Alii
1100 4202 1255 4262 sunt
1310 4203 1661 4279 praeterea
1719 4197 2105 4264 ornithones
2162 4216 2295 4264 non
2341 4196 2742 4281 educationi,
2816 4201 2936 4264 sed

592 4302 897 4370 farturae
945 4306 1207 4368 tantum
1255 4305 1466 4371 dediti
1513 4325 1739 4372 earum
1787 4305 2028 4388 avium,
2093 4324 2369 4386 quarum
2433 4324 2676 4388 magna
2740 4304 2934 4372 simul
