3392 5050
1615 412 2054 481 „22-

658 588 834 670 gulis
882 588 1160 655 bovibus
1194 609 1234 654 a
1266 588 1577 655 Vitruvio
1625 589 1915 671 spatium
1963 592 2165 656 datur
2210 595 2652 674 septenorum,
2703 611 2744 657 a
2777 592 3002 658 Palla-

660 695 768 761 dio
816 695 989 761 binis
1037 708 1419 781 octonorum
1467 700 1726 779 pedum,
1796 698 1919 762 hoc
1979 701 2159 764 certe
2223 717 2343 779 per
2399 717 2707 781 errorem,
2771 704 2848 765 ut
2897 701 3007 765 de-

658 807 989 869 monstrat
1036 802 1400 869 Schneider
1453 805 1572 884 (ad
1620 804 1757 869 Col.
1806 803 1858 869 Ι.
1911 801 1971 886 6,
2022 801 2115 886 6).

981 950 1443 1016 Pavimentum
1490 955 1613 1033 est,
1660 969 1744 1015 ne
1803 949 2056 1033 uligine
2104 952 2511 1019 consistente
2558 954 2847 1037 ungulae
2894 973 3009 1035 pu-

661 1061 981 1140 trescant,
1060 1057 1396 1138 lapidibus
1466 1061 1754 1123 stratum
1824 1056 2390 1143 Ι17ΙΙ.5,16).
2486 1059 2677 1143 Quod
2747 1062 3008 1127 omnino

660 1165 730 1230 in
801 1165 1086 1230 stabulis
1170 1164 1373 1230 etiam
1452 1165 1652 1231 aliter
1732 1169 2097 1232 cavendum
2165 1167 2436 1234 videtu1
2497 1169 2663 1254 (Col.
2714 1169 2767 1235 Ι.
2811 1167 2879 1271 6,
2931 1168 3008 1257 5,

660 1273 733 1336 P.
780 1272 832 1336 Ι.
884 1269 989 1354 21,
1040 1269 1127 1354 1),
1179 1291 1309 1351 qua
1340 1292 1412 1338 re
1460 1272 1732 1354 perinde
1782 1278 1982 1354 atque
2029 1273 2098 1339 in
2132 1276 2509 1359 consaeptis
2550 1276 3010 1344 subdivalibus

661 1376 826 1462 (Col.
878 1377 993 1442 VI.
1043 1376 1148 1461 23,
1200 1376 1272 1463 1,
1320 1379 1395 1444 Ρ.
1443 1378 1560 1444 IV.
1611 1377 1718 1462 11,
1768 1376 1858 1462 8),
1905 1384 1982 1444 ut
2029 1399 2216 1445 umor
2264 1381 2573 1447 celerite1
2643 1383 3007 1467 dilabatur,

664 1486 874 1551 solum
922 1490 1103 1551 certe
1150 1485 1353 1551 etiam
1399 1485 1509 1552 hic
1555 1487 1895 1569 paululum
1943 1492 2047 1553 est
2095 1489 2372 1555 declive.
2460 1581 2466 1587 .

983 1632 1343 1715 Praesepia
1416 1637 1831 1699 commendat
1891 1635 2056 1701 Cato
2104 1632 2185 1720 (c.
2239 1633 2310 1716 4)
2374 1637 2647 1704 Falisca
2717 1639 3011 1704 clatrata

664 1759 873 1820 eaque
919 1740 1157 1823 ferrea,
1207 1744 1283 1806 ut
1329 1741 1615 1807 videtur.

984 1902 1268 1983 Propria
1343 1910 1411 1968 et
1474 1902 1722 1968 latiora
1768 1904 2038 1969 stabula
2101 1909 2282 1971 certe
2328 1906 2399 1970 in
2464 1912 2760 1975 extremo
2807 1909 3012 1976 villae

666 2015 897 2090 saepto
975 2014 1299 2091 parantur
1361 2010 1705 2075 domandis
1787 2012 2019 2093 bubus,
2108 2030 2270 2092 quos
2339 2033 2532 2094 quam
2605 2015 3012 2082 liberrimum
3065 2044 3078 2050 -

666 2116 917 2183 stabuli
965 2117 1219 2182 aditum
1266 2119 1512 2184 habere
1561 2122 1826 2199 oportet
1872 2117 2034 2202 (Col.
2082 2118 2195 2184 VI.
2249 2117 2309 2200 2,
2360 2118 2433 2206 2,
2483 2122 2557 2188 Ρ.
2605 2123 2721 2190 IV.
2756 2121 2860 2207 12,
2910 2122 3010 2210 1),

666 2224 760 2289 ibi
809 2230 1030 2290 autem
1079 2244 1224 2290 cum
1270 2226 1717 2308 stabulantur,
1768 2226 2052 2291 subeunt
2099 2225 2356 2292 furcam
2404 2228 2639 2296 defixis
2688 2232 2772 2295 ab
2828 2236 3011 2296 utra-

668 2352 793 2414 que
839 2336 1032 2414 parte
1080 2331 1415 2398 asseribus
1464 2352 1605 2398 cum
1655 2332 1861 2398 tertio
1908 2337 2295 2400 transverso
2344 2353 2424 2400 ac
2472 2336 2845 2417 superiecto
2900 2338 3007 2419 (V.

667 2441 722 2506 I.
772 2437 877 2522 20,
928 2438 1002 2526 2,
1054 2439 1186 2504 Col.
1233 2438 1349 2504 VI.
1399 2437 1461 2524 2,
1512 2437 1584 2527 3,
1631 2441 1705 2505 P.
1752 2439 1869 2505 IV.
1920 2437 2024 2525 12,
2078 2442 2162 2520 1).

989 2585 1261 2649 Habent
1310 2603 1757 2665 quaecumque
1833 2585 2103 2650 stabula
2178 2586 2608 2652 bubulcorum
2639 2593 3008 2669 pastorum-

669 2714 792 2777 que
841 2693 1043 2758 cellas
1092 2692 1444 2758 adiunctas
1493 2691 1656 2778 (Col.
1705 2691 1759 2758 Ι.
1812 2689 1871 2771 6,
1919 2689 2011 2774 8).

987 2852 1331 2933 Equilia
1377 2853 1556 2918 haud
1604 2853 1806 2918 aliter
1852 2873 1932 2919 ac
1978 2853 2234 2920 bubilia
2281 2854 2461 2921 sicca
2507 2860 2577 2920 et
2615 2855 2836 2921 calida
2867 2875 3011 2922 esse

669 2966 977 3044 opportet
1025 2961 1130 3046 (V.
1177 2961 1265 3026 ΙΙ.
1314 2958 1374 3043 7,
1425 2959 1545 3047 10,
1597 2962 1733 3027 Col.
1782 2961 1836 3027 I.
1886 2959 1946 3045 6,
1996 2959 2074 3051 5,
2123 2962 2240 3028 VI.
2290 2960 2396 3045 30,
2445 2958 2515 3047 2,
2552 2961 2628 3027 P.
2677 2961 2731 3027 I.
2780 2959 2883 3043 21,
2939 2959 3007 3039 2)

667 3070 880 3149 iisque
955 3051 1301 3133 Palladius
1387 3070 1664 3133 eandem
1736 3069 2038 3134 meridiei
2101 3068 2438 3151 regionem
2509 3067 2815 3161 designat
2887 3086 3007 3132 nec

670 3185 892 3245 tamen
939 3177 1071 3242 foci
1119 3181 1460 3258 aspectum
1491 3176 1652 3242 item
1683 3176 2003 3259 postulat,
2053 3194 2244 3257 quem
2276 3174 2626 3241 Vitruvius
2651 3174 2791 3258 (VI.
2827 3171 2887 3256 9,
2942 3171 3011 3258 4)

669 3286 872 3352 etiam
940 3285 1206 3351 noxium
1297 3283 1572 3350 iudicat.
1649 3283 1850 3350 Cuius
1896 3286 2273 3365 praeceptO,
2345 3287 2422 3347 ut
2497 3281 2744 3364 equilia
2819 3300 3012 3363 quam

671 3393 1092 3460 calidissimis
1139 3391 1303 3457 locis
1352 3391 1868 3474 constituantur,
1934 3393 2086 3456 dum
2147 3409 2230 3455 ne
2279 3393 2366 3455 ad
2412 3390 2631 3455 focum
2687 3393 3011 3470 spectent,

668 3502 834 3565 haec
882 3517 1137 3580 quoque
1187 3499 1446 3565 culinae
1493 3499 1828 3565 interdum
1876 3501 2149 3564 admota
2194 3497 2355 3564 licet
2403 3497 2717 3580 colligere
2756 3498 3014 3581 pariete

669 3612 894 3672 tamen
940 3606 1314 3672 interiecto,
1411 3607 1718 3672 Ceterum
1767 3626 1913 3672 cum
1958 3605 2295 3672 bubilibus
2343 3605 2485 3673 sive
2543 3604 2803 3670 culinae
2848 3605 3016 3669 haec

673 3713 1043 3779 adhaerent
1102 3706 1252 3779 sive'
1311 3719 1466 3779 sunt
1539 3717 1857 3796 separata
1940 3714 2024 3778 ab
2096 3732 2196 3794 ea,
2264 3709 2599 3776 artissime
2660 3709 3016 3775 coniuncta

669 3823 1053 3900 putandum,
1105 3839 1250 3885 cum
1296 3822 1522 3886 eadem
1573 3819 1664 3886 sit
1714 3818 1958 3887 caloris
2004 3818 2373 3885 necessitas
2406 3816 2706 3898 idemque
2766 3815 3015 3880 iumen-

670 3932 886 3992 torum
934 3946 1111 3992 usus.
1208 3926 1367 4008 Ipsa
1414 3927 1661 4007 equilia
1707 3926 2159 4009 pavimentum
2205 3927 2456 3991 habent
2501 3923 2757 4005 plancis
2824 3921 3015 3985 robo-

671 4035 803 4100 reis
853 4039 1264 4100 constratum
1327 4034 1486 4115 (Col.
1547 4034 1665 4101 VI.
1715 4033 1822 4118 30,
1896 4031 1971 4118 2,
2032 4035 2106 4099 Ρ.
2153 4033 2206 4097 Ι.
2258 4029 2363 4115 21,
2428 4029 2532 4117 2),
2607 4029 3015 4112 singulorum

670 4140 1000 4206 stationes
1047 4160 1179 4206 non
1227 4160 1483 4222 semper
1530 4141 1832 4207 seclusae
1856 4140 2035 4206 inter
2081 4160 2153 4207 30
2200 4138 2405 4205 fuisse
2450 4139 2785 4220 videntur,
2843 4138 3016 4218 quod

671 4246 758 4310 ad
821 4248 1105 4313 tuendas
1197 4246 1516 4329 gravidas
1607 4248 2146 4329 separandosque
2169 4243 2184 4256 ’
2230 4246 2658 4313 admissarios
2751 4243 3017 4310 interici

671 4352 959 4439 longorii
1032 4354 1297 4440 proprie
1373 4354 1687 4423 iubentur
1764 4355 1873 4442 (V.
1941 4353 2032 4422 ΙΙ.
2112 4351 2172 4440 7,
2244 4351 2370 4442 10,
2433 4354 2506 4418 Ρ.
2562 4353 2679 4422 IV.
2759 4350 2861 4439 13,
2924 4333 3014 4429 5).
