3392 5050
63 1658 67 1769 ᾼμᾼᾼᾲ
64 1576 65 1627 Αᾼᾼῌ
64 1498 69 1561 *j*
60 1288 69 1481 w—-u—-t-ss2
60 1248 61 1267 ᾳ
60 1218 67 1233 .-

83 4951 99 5048 ..n-z·-
83 4707 95 4924 —r‘n—-r-nr
83 4543 93 4690 *affin-“r
82 4455 87 4510 *⁴⁴
80 4387 81 4418 ⁴⁴

108 5045 119 5048 ι

1339 401 1779 478 1-19...

310 613 314 617 ·
381 588 568 654 certa
613 583 870 681 reditus
918 592 1111 669 parte
1159 540 1504 670 pecuniam
1551 593 1620 654 et
1665 588 1918 653 habent
1951 607 2106 654 suas
2155 582 2428 669 quisque
2475 580 2545 653 in
2579 601 2729 653 0011-

380 697 582 760 ducta
629 670 819 760 fundi
888 700 1080 776 parte
1129 715 1342 779 casas,
1415 715 1584 777 quae
1630 699 1856 760 tamen
1927 714 1968 760 a
2013 695 2263 761 nostris
2328 694 2731 777 praesertim

380 820 526 867 cum
570 820 702 867 non
776 801 878 866 ita
941 821 1146 884 prope
1208 803 1295 867 ad
1364 801 1595 869 villam
1657 801 2019 880 accessisse
2084 801 2461 885 videantur,
2533 803 2731 884 plane

379 912 894 989 praetereuntur
942 908 1025 993 (1⁴
1030 909 1203 974 uste]
1255 910 1336 974 de
1386 909 1777 990 OoulangeS,
1827 928 1935 992 pg.
1987 906 2165 990 861).

694 1055 826 1121 Sed
872 1059 947 1120 ut
1015 1057 1363 1123 redeamus
1426 1058 1514 1121 ad
1582 1057 1870 1124 culinam
1947 1056 2217 1138 eiusque
2287 1056 2727 1140 vicinitatem,

386 1162 577 1243 quasi
625 1162 1053 1244 appendicem
1121 1162 1274 1229 huic
1345 1167 1660 1230 accedere
1727 1167 2093 1246 putandum
2170 1170 2274 1229 est
2344 1166 2386 1229 b
2411 1165 2650 1230 alneu
2671 1185 2731 1229 m

382 1269 827 1352 rusticum,
878 1288 1004 1350 quo
1052 1269 1259 1336 feriis
1289 1270 1506 1336 utitur
1552 1269 1811 1336 familia
1858 1270 2022 1351 (001.
2071 1271 2124 1336 Ι.
2176 1269 2235 1354 6,
2286 1269 2418 1353 19).
2513 1272 2727 1337 Latus

381 1378 535 1443 huic
582 1396 838 1459 quoque
886 1380 1113 1443 datum
1161 1398 1326 1462 esse,
1377 1382 1550 1460 quod
1597 1384 1937 1461 spectaret
1986 1381 2072 1444 ad
2115 1379 2542 1462 occidentem,
2593 1378 2732 1444 effi-

383 1485 641 1569 ciamusr
679 1505 762 1550 ex
811 1485 1122 1551 dominici
1169 1488 1453 1566 quadam
1498 1486 1724 1552 balnei
1771 1486 2103 1570 analogia,
2155 1489 2328 1568 quod
2374 1487 2549 1553 idem
2581 1506 2731 1568 pro-

382 1595 582 1658 batur
649 1613 733 1658 ex
777 1598 1197 1659 monumento
1262 1595 1435 1673 quod
1498 1599 1727 1660 exstat
1789 1593 1860 1659 in
1905 1594 2059 1660 Not.
2128 1597 2189 1659 d.
2241 1614 2327 1660 sc.
2399 1614 2504 1677 pg.
2583 1591 2731 1660 208.

390 1701 767 1781 Apparatus
846 1699 987 1766 'eius
1067 1704 1354 1781 quantus
1403 1700 1611 1766 fuerit
1691 1706 1763 1766 et
1832 1701 2067 1783 qualis,
2142 1720 2535 1783 quamquam
2601 1720 2733 1765 non

388 1808 667 1891 amplius
699 1809 777 1874 fit
808 1808 1076 1891 mentio,
1111 1807 1408 1874 caldario
1441 1813 1666 1875 tamen
1700 1809 1902 1876 etiam
1934 1827 2162 1876 servos
2193 1827 2348 1874 usos
2397 1827 2542 1873 esse
2575 1807 2734 1873 licet

385 1914 700 1998 coHigere
737 1920 819 1980 et.
855 1935 892 1981 e
940 1914 1288 1997 scriptoris
1348 1915 1564 1982 nostri
1613 1915 1922 1982 cautione
1969 1936 2052 1983 ne
2114 1916 2565 1998 frequentiore
2612 1935 2733 1981 usu

350 2022 679 2104 ¹corporis
739 2024 940 2088 robur
1000 2021 1358 2091 minuatur,
1385 2028 1456 2088 et
1502 2042 1600 2106 e0,
1664 2027 1840 2105 quod
1886 2027 2390 2106 superponenda
2460 2042 2734 2088 comme-

384 2134 725 2194 morantur
776 2148 856 2195 ea
902 2129 1234 2212 tabulata,
1284 2148 1452 2211 quae
1500 2129 1808 2213 indigent
1857 2130 2034 2196 fumo
2083 2136 2152 2196 et
2198 2150 2466 2213 vapore.

695 2277 797 2341 Ac
872 2276 1154 2358 primum
1200 2276 1460 2358 quidem
1510 2275 1787 2359 adiungi
1855 2278 1995 2344 vult
2056 2277 2417 2342 Columella
2486 2279 2645 2344 sum
2670 2301 2735 2345 a·

387 2382 602 2448 rium
671 2383 741 2469 (l.
791 2385 869 2464 c.)
938 2383 1053 2448 ubi
1116 2402 1396 2466 propere
1466 2383 1758 2450 siccetur
1827 2385 2132 2467 materia,
2214 2387 2451 2452 deinde
2534 2407 2737 2469 supra

386 2489 532 2555 fieri
580 2492 1112 2574 apothecam,
1172 2490 1242 2557 in
1289 2511 1418 2574 qua
1465 2491 1711 2575 vinum,
1765 2510 1910 2558 cum
1950 2491 2020 2557 in
2069 2493 2239 2572 cella
2286 2492 2550 2559 vinaria
2598 2494 2731 2575 pri-

386 2616 560 2662 mum
607 2603 710 2664 est
756 2602 1134 2682 purgatum,
1182 2599 1252 2664 in
1300 2598 1634 2681 amphoris
1666 2599 2034 2681 repositum
2081 2599 2244 2665 fumi
2294 2599 2360 2666 vi
2408 2602 2494 2665 ad
2541 2620 2736 2682 prae-

388 2723 658 2787 coquem
703 2704 1056 2787 mitigatur
1114 2705 1595 2772 maturitatem.
1688 2705 1894 2771 quta
1953 2711 2174 2771 autem
2230 2708 2448 2772 altera
2496 2707 2739 2788 recipit

387 2812 631 2895 vinum,
703 2811 762 2877 si
830 2810 1034 2876 nimia
1109 2813 1277 2878 haec
1339 2812 1442 2880 vis
1519 2812 1813 2881 vertitur
1878 2816 1964 2878 ad
2027 2808 2356 2879 iniuriam.
2446 2814 2527 2878 In
2597 2813 2739 2879 eius

387 2920 699 2986 tabulata
744 2921 1213 3002 reconduntur,
1294 2938 1739 3001 quaecumque
1816 2920 1952 2985 alia
2021 2920 2268 2985 fumum
2333 2921 2737 3003 desiderant,

387 3029 574 3096 velut
619 3025 900 3091 mulsum
948 3025 1119 3107 (Col.
1152 3024 1308 3091 XII.
1345 3023 1546 3110 12,2),
1597 3027 1792 3109 glans
1842 3027 2009 3112 (Col.
2050 3028 2200 3093 VII.
2257 3027 2316 3111 9,
2368 3027 2456 3112 8),
2531 3030 2742 3112 lupini

389 3134 648 3201 fructus
694 3132 861 3217 (001.
896 3131 978 3196 11.
1028 3130 1132 3215 10,
1183 3131 1280 3218 3.;
1350 3134 1426 3198 P.
1475 3134 1624 3200 VII.
1675 3132 1737 3217 3,
1787 3132 1875 3218 2),
1926 3140 2065 3199 tum
2111 3135 2180 3199 in
2231 3136 2738 3218 carnarium,

390 3246 563 3325 quod
630 3240 886 3306 modico
964 3240 1231 3323 impleri
1308 3259 1470 3323 opus
1542 3249 1646 3308 est
1701 3242 1899 3324 fumO,
1981 3262 2213 3309 carnes
2290 3244 2509 3308 salsae
2567 3245 2739 3328 (Cat.

391 3349 541 3435 162,
578 3350 669 3444 3.;
718 3349 854 3414 001.
903 3349 1056 3414 XII.
1103 3347 1209 3432 55,
1260 3347 1329 3435 3)
1385 3355 1455 3415 et
1501 3368 1673 3416 uvae
1707 3349 2004 3416 siccandi
2038 3369 2241 3416 causa
2274 3352 2384 3432 (V.
2421 3353 2471 3434 I,
2496 3348 2600 3434 54,
2652 3349 2741 3435 2).

701 3495 933 3561 Talem
981 3495 1193 3578 igitur
1267 3494 1577 3579 fingimus
1635 3496 1897 3561 culinae
1977 3495 2420 3578 cellarumque
2500 3500 2742 3564 adhae-

388 3601 677 3668 rentium
711 3608 1026 3687 tractum,
1074 3603 1188 3669 ubi
1219 3609 1532 3672 versatur
1579 3604 1838 3670 familia
1885 3605 2221 3670 cotidiano
2271 3606 2454 3686 operi
2488 3605 2739 3671 dedita.

393 3709 537 3791 Quo
629 3717 906 3793 propter
979 3711 1273 3778 eiusdem
1350 3711 1647 3778 familiae
1725 3712 2047 3779 rusticum
2125 3712 2471 3778 servitium
2549 3731 2740 3793 quam

393 3817 689 3895 proxime
768 3824 1033 3900 oportet
1111 3821 1429 3886 accedere
1506 3839 1884 3902 pecorum
1962 3820 2306 3885 stabula.
2423 3821 2740 3884 Pecorum

399 3939 558 3987 cura
603 3943 734 3989 non
782 3925 991 3991 solum
1037 3929 1125 3994 ad
1173 3925 1543 3992 arationem
1591 3931 1659 3993 et
1707 3934 2069 4007 vecturam,
2122 3927 2238 3990 sed
2286 3925 2488 3991 etiam
2516 3927 2743 4006 volup-

394 4027 563 4093 tatis
611 4036 680 4095 et
748 4032 1005 4100 reditus
1054 4053 1259 4100 causa
1330 4053 1475 4100 cum
1523 4036 1607 4100 ab
1670 4034 1823 4099 aliis
1871 4038 2012 4098 tum
2080 4052 2120 4098 a
2170 4033 2552 4116 Columella,
2634 4034 2745 4114 qui

393 4135 538 4217 ipse
593 4136 908 4203 Catonem
954 4146 1256 4207 nostrum
1317 4140 1515 4207 affert
1571 4146 1929 4223 auctorem,
1992 4139 2353 4206 utilissima
2407 4140 2746 4207 invenitur

392 4244 564 4331 (Col.
615 4245 664 4309 Ι.
716 4241 778 4327 2,
813 4242 890 4326 53
936 4247 1048 4313 VI.
1079 4248 1289 4330 praef.
1340 4247 1566 4332 3—6).
1660 4249 2070 4332 Quamquam
2121 4250 2348 4312 eodem
2395 4249 2538 4313 loco
2587 4251 2651 4331 (ξ
2680 4249 2745 4331 1)

391 4354 750 4420 nonnullos
822 4353 1021 4421 aliter
1087 4356 1420 4425 iudicasse
1498 4356 1953 4441 cognoscimus
2031 4360 2100 4421 et
2164 4355 2372 4421 fuisse
2448 4359 2744 4442 praedia,

2387 4448 2454 4504 2*
