3392 5050
1612 424 2052 493 ...26....

662 604 877 687 ipsum
925 625 1041 671 cur
1086 624 1217 671 non
1265 624 1410 670 011111
1458 603 1755 670 Gesnero
1802 603 2160 669 torcularis
2206 602 2420 673 locum
2468 603 2659 685 quasi
2704 602 3002 669 tribunal

542 712 550 717 “
662 716 990 792 quoddam
1036 712 1564 794 interpretemur,
1613 729 1746 776 non
1791 709 2131 793 intellego,
2181 729 2328 775 cum
2372 711 2646 779 verbum
2697 711 3001 786 ‚calcare‘

659 839 778 901 pro
839 819 1175 902 ‚premere‘
1254 837 1400 883 cum
1446 817 1706 886 obiecto
1785 816 1976 900 ,uvis‘
2042 817 2245 882 etiam
2322 817 2493 884 alias
2559 818 3002 901 coniungatur

661 926 878 1011 (velut
926 929 1100 1009 apud
1150 927 1511 1010 Catonem),
1562 925 1995 993 calcatorium
2042 925 2253 1009 igitur
2312 926 2482 1008 preli
2528 926 2743 993 locum
2788 925 3003 1008 possit

661 1034 1040 1117 significare
1087 1039 1288 1117 atque
1335 1035 1538 1101 etiam
1570 1036 1870 1100 torcular
1914 1035 2308 1101 vocabulum
2343 1054 2461 1117 pro
2504 1035 2692 1116 prelo
2740 1033 3001 1100 vinario

661 1163 702 1207 a
751 1143 1111 1208 Columella
1157 1142 1344 1226 (XII.
1395 1140 1499 1225 18,
1549 1141 1618 1227 4)
1665 1147 2043 1225 usurpetur,
2108 1147 2249 1208 tum
2295 1142 2579 1208 maxime
2625 1146 3000 1224 propterea,

531 1253 535 1257 ’
663 1254 836 1331 quod
885 1250 944 1316 si
1007 1253 1093 1316 ad
1159 1248 1547 1339 Schneideri
1609 1249 2120 1331 explicationem
2184 1248 2454 1331 (Comm.
2504 1251 2590 1314 ad
2635 1250 2680 1314 l.
2731 1247 2815 1332 c.)
2877 1249 3003 1313 hoc

663 1356 1096 1422 calcatorium
1143 1356 1512 1423 iudicamus
1555 1347 2027 1423 ambulacrum
2055 1357 2259 1422 altius
2293 1355 2561 1438 editum,
2612 1354 3004 1436 scriptorem

662 1483 794 1529 non
841 1464 1050 1530 80111111
1082 1464 1276 1530 11111118
1324 1483 1512 1530 11811111
1543 1483 1625 1529 110
1672 1463 1916 1530 leviter
1964 1463 2225 1545 quidem
2255 1463 2586 1547 tetigisse,
2635 1466 2753 1529 sed
2800 1461 3003 1527 etiam

661 1578 921 1653 partem
984 1570 1404 1654 pressoriam,
1473 1591 1641 1652 quae
1709 1571 1780 1636 in
1851 1571 2022 1637 cella
2089 1568 2357 1636 vinaria
2426 1569 2658 1636 summi
2721 1573 2825 1635 est
2869 1587 3002 1633 mo-

660 1678 886 1760 menti,
935 1678 1132 1760 plane
1178 1678 1581 1761 praeterisse
1628 1698 1900 1744 necesse
1950 1682 2072 1743 est.
2168 1676 2341 1759 Quid
2387 1675 2598 1759 igitur
2642 1675 2856 1759 magis
2898 1679 3002 1740 est

663 1788 1177 1850 consentaneum
1224 1804 1417 1866 quam
1463 1786 1718 1867 prelum
1766 1785 1970 1850 altius
2020 1788 2252 1849 extare
2300 1782 2550 1849 editum
2584 1785 2668 1849 ab
2717 1787 3002 1863 utraque

661 1896 856 1972 parte
903 1889 1184 1973 singulis
1230 1891 1301 1956 in
1349 1893 1559 1958 solum
1593 1892 1926 1974 depressis
1974 1892 2269 1973 lacubus,
2320 1910 2445 1973 quo
2481 1891 2732 1956 defluat
2777 1890 3002 1956 vinum

662 2017 745 2062 ex
791 1997 940 2064 uvis
985 2000 1178 2063 modo
1240 1998 1541 2065 calcatis.
1637 1999 1890 2083 Quibus
1948 2019 2030 2064 ex
2077 2000 2351 2064 lacubus
2396 2017 2518 2079 per
2566 1997 2834 2063 canales
2893 1995 3001 2063 vel

662 2106 858 2172 tubos
917 2105 1160 2172 fictiles
1217 2111 1446 2172 manat
1507 2088 1733 2173 vinum
1788 2107 1856 2172 in
1921 2106 2100 2188 dolia
2158 2105 2244 2172 iis
2305 2104 2594 2188 subdita,
2674 2122 2843 2185 quae
2904 2103 3004 2169 ita

662 2213 921 2294 repleta
968 2216 1107 2278 tum
1153 2213 1224 2278 in
1270 2213 1483 2295 ipsam
1520 2215 1753 2279 cellam
1804 2215 2196 2279 conduntur.
2290 2211 2361 2277 Si
2393 2210 2766 2278 vindemiae
2815 2211 3004 2292 copia

662 2324 765 2385 est
797 2320 1026 2403 maior,
1077 2341 1284 2403 cupae
1327 2341 1603 2405 quoque,
1654 2341 1823 2402 quae
1869 2321 2199 2403 recipiant
2239 2324 2544 2402 mustum,
2598 2319 2824 2385 asellis
2871 2319 2915 2384 i.
2950 2337 3004 2383 e.

663 2427 933 2509 spondis
995 2428 1236 2512 ligneis
1315 2431 1394 2514 (Ι.
1447 2431 1513 2496 C.
1563 2430 1871 2513 Schmitt,
1950 2430 2120 2495 Pall.
2168 2430 2215 2494 I.
2277 2434 2416 2494 not.
2466 2426 2582 2508 29)
2652 2426 3004 2519 impositae

665 2536 1093 2601 collocantur.
1191 2536 1377 2620 Quae
1423 2538 1482 2604 si
1528 2558 1786 2620 semper
1832 2542 1988 2605 sunt
2032 2536 2474 2619 necessariae,
2546 2537 2729 2600 locus
2778 2553 3004 2600 earum

661 2643 877 2725 podiis
910 2643 1224 2709 brevibus
1259 2644 1709 2710 circumdatur
1756 2650 1826 2710 et
1871 2650 2168 2711 testaceo
2230 2643 2610 2725 pavimento
2656 2640 3001 2722 sternitur,

663 2753 739 2814 ut
787 2748 844 2815 si
908 2751 1065 2831 quid
1111 2751 1288 2818 forte
1335 2774 1369 2819 e
1419 2773 1587 2836 cupa
1644 2753 1899 2836 effluat,
1948 2752 2049 2817 ita
2108 2751 2484 2818 retineatur
2529 2769 2653 2815 nec
2726 2753 3002 2833 pereat3

662 2854 836 2922 idem
896 2858 1063 2922 utile
1111 2859 1452 2925 existimat
1507 2861 1724 2926 Varro
1785 2860 1869 2942 (Ι.
1921 2856 2026 2943 13,
2077 2856 2165 2944 6).
2256 2857 2457 2923 Dolia
2519 2857 2654 2922 alia
2702 2858 3003 2921 demersa

664 2982 809 3029 esse
855 2964 1054 3048 humi,
1113 2966 1248 3031 alia
1296 2972 1480 3033 stare
1538 2987 1739 3050 supra
1800 2972 2052 3032 terram
2116 2969 2579 3031 commemorat
2642 2959 2999 3062 Columella

665 3069 848 3150 (XII.
899 3067 1003 3154 18,
1053 3070 1139 3156 5).

987 3225 1159 3318 Iam·
1185 3227 1527 3295 veniamus
1576 3232 1662 3294 ad
1728 3229 2052 3296 siccorum
2117 3228 2451 3293 fructuum
2512 3226 3001 3309 repositionem,

668 3349 862 3411 quam
909 3351 1041 3397 11011
1086 3333 1156 3398 111
1203 3334 1400 3416 plano
1449 3341 1525 3401 ut
1558 3336 1993 3419 humidorum,
2044 3338 2162 3402 sed
2207 3334 2277 3399 in
2324 3334 2650 3400 tabulatis
2673 3332 2820 3398 fieri
2865 3338 3003 3398 tra-

667 3439 832 3502 dunt
893 3440 1108 3505 Varro
1171 3442 1256 3526 (Ι.
1328 3440 1432 3526 13,
1484 3441 1550 3525 1)
1620 3448 1689 3509 et
1758 3445 2121 3510 Columella
2189 3443 2270 3525 (Ι.
2321 3440 2381 3523 6,
2432 3440 2519 3525 9).
2612 3444 2835 3523 Atque
2895 3440 3004 3506 hic

663 3563 895 3611 rursus
967 3545 1443 3615 frumentorum
1542 3557 1610 3617 et
1690 3572 2026 3634 pomorum
2105 3552 2346 3616 horrea
2439 3549 2885 3615 discernemus
2964 3569 3006 3613 a
3101 3562 3106 3566 ·

666 3650 1021 3719 foenilibus
1081 3659 1150 3719 et
1214 3655 1587 3725 fam-aribus
1665 3659 1814 3743 (cfr.
1866 3660 1999 3725 Col.
2050 3658 2100 3722 Ι.
2152 3654 2211 3739 6,
2278 3654 2364 3738 9),
2416 3675 2560 3721 cum
2636 3655 2754 3720 illa
2801 3655 3004 3721 villae

666 3756 797 3838 ipsi
843 3761 1376 3847 adnumerentur,
1444 3766 1609 3831 haec
1671 3768 1753 3831 ob
1823 3764 2115 3831 incendii
2174 3763 2537 3844 periculum
2607 3782 2647 3827 a
2693 3761 3003 3828 Vitruvio

567 3889 572 3894 ·
669 3863 931 3945 quidem
975 3867 1120 3951 (VI.
1174 3866 1233 3949 9,
1284 3867 1350 3951 6)
1399 3877 1467 3936 et
1498 3872 1806 3938 Palladio
1856 3869 2086 3957 (1.32)
2134 3879 2330 3936 extra
2376 3889 2520 3935 eam
2567 3869 2609 3935 i.
2652 3890 2706 3936 0.
2740 3869 3003 3991 longius
3070 3970 3073 3973 ἡ

666 3970 820 4037 111ᾰο
865 3976 1122 4038 remota
1168 3977 1322 4057 poni
1368 3977 1740 4046 iubeantur.

988 4137 1498 4202 Frumentorum
1558 4139 1818 4219 horrea,
1847 4158 2055 4222 ⁴quae
2115 4135 2527 4221 granaria
2573 4154 2830 4216 quoque
2892 4155 3004 4216 ap-

665 4241 1021 4323 pellantur,
1071 4248 1379 4324 spectant
1427 4246 1513 4309 ad
1559 4244 2078 4326 septentrionem
2109 4245 2218 4312 vel
2265 4246 2352 4309 ad
2400 4242 2771 4322 aquilonem
2816 4244 2915 4319 (V.
2949 4241 3003 4305 Ι.

669 4346 774 4432 57,
832 4352 894 4440 13
946 4349 1081 4421 Col,
1130 4350 1183 4420 Ι,
1235 4347 1294 4436 6,
1347 4348 1467 4437 103
1525 4352 1600 4417 P.
1649 4351 1703 4420 Ι.
1756 4348 1859 4436 19,
1911 4349 2113 4440 1—-33
2171 4351 2345 4421 Vitr,
2395 4350 2509 4416 VI.
2562 4348 2620 4438 9,
2671 4347 2758 4430 4),
2817 4347 3004 4437 frigi-
