3392 5050
805 1651 1353 1774 perlustrandos
1424 1702 1598 1782 quod
1651 1699 2058 1782 suscepimus
2105 1700 2548 1766 Romanorum
2613 1703 2695 1767 de
2755 1717 2830 1765 re

486 1807 741 1873 rustica
785 1807 1014 1893 libi-OS,
1063 1807 1390 1890 inspicere
1453 1807 1645 1873 licuit
1704 1806 1918 1873 vitam
1981 1826 2205 1872 eorum
2252 1807 2587 1890 privatam
2631 1807 2702 1872 in
2749 1826 2830 1872 ea

487 1927 699 1998 parte,
778 1933 948 1995 quae
1025 1913 1258 1979 summi
1332 1914 1602 1980 videtur
1666 1932 1814 1979 esse
1889 1914 2222 1980 momenti.
2326 1913 2596 1995 Semper
2658 1912 2830 1980 enim

489 2021 943 2104 agriculturae
991 2022 1283 2088 studium
1327 2014 1611 2088 Romani
1657 2027 1981 2103 putarunt
2027 2021 2308 2103 primum
2337 2041 2433 2087 ·ac
2495 2020 2830 2107 nobilissi-

485 2146 677 2210 mum,
733 2133 809 2193 ut
879 2128 1112 2195 summi
1177 2129 1247 2194 in
1306 2128 1650 2211 republica
1708 2128 1841 2195 viri
1873 2136 1886 2145 ‘
1922 2128 2161 2210 priscis
2219 2127 2627 2210 temporibus
2688 2127 2831 2193 ruri

486 2233 708 2315 potius
755 2252 948 2315 quam
1017 2235 1086 2300 in
1146 2236 1310 2300 urbe
1366 2234 1757 2300 habitarent
1816 2234 2074 2317 ipsique
2136 2239 2436 2300 aratrum
2496 2238 2828 2317 regerent,

490 2345 561 2404 ut
652 2340 821 2406 satis
898 2346 1002 2406 est
1074 2342 1431 2425 cognitum,
1510 2341 1992 2424 posterioribus
2067 2340 2125 2407 si
2200 2360 2332 2406 non
2406 2341 2536 2426 ipsi
2611 2360 2829 2423 manu,

487 2452 558 2512 at
605 2468 725 2531 per
771 2467 999 2526 servos
1048 2450 1152 2516 vel
1204 2450 1471 2517 colonos
1514 2450 1801 2542 *fundum
1867 2451 2182 2516 colerent.
2278 2449 2686 2533 Quamquam
2750 2467 2833 2514 ex

485 2556 581 2622 eis
647 2557 760 2639 qui
820 2563 1093 2624 exstant
1155 2558 1347 2626 libris
1427 2559 1560 2644 iam
1624 2577 1758 2624 non
1830 2559 1990 2624 licet
2060 2558 2240 2624 illius
2307 2557 2556 2623 aetatis
2618 2575 2833 2622 mores

489 2663 752 2745 planius
832 2684 1249 2750 cognoscere,
1310 2666 1443 2733 nisi
1496 2685 1612 2749 per
1675 2666 2090 2732 occasionem
2147 2665 2510 2748 scriptores
2574 2664 2835 2746 priscae

491 2768 943 2853 simplicitatis
1013 2772 1182 2838 fiunt
1243 2790 1584 2840 memores.
1676 2773 1882 2838 Immo
1942 2773 2075 2838 iam
2141 2793 2182 2838 a
2240 2772 2491 2837 Catone
2539 2770 2837 2836 ducimur

493 2881 579 2944 ad
626 2897 774 2943 eum
818 2877 920 2943 rei
965 2878 1259 2945 rusticae
1307 2885 1577 2963 statum,
1628 2899 1754 2962 quo
1800 2879 2007 2946 latius
2054 2884 2244 2962 patet
2275 2879 2538 2960 fundus,
2590 2876 2836 2943 domini

489 2990 719 3068 partes
762 2987 969 3053 habet
1014 2988 1488 3069 quodammodo
1541 2987 1795 3070 vilicuS‚
1852 2988 1967 3053 ille
2034 2995 2254 3052 autem
2320 2985 2592 3052 urbanis
2638 2986 2835 3050 rebus

492 3098 853 3176 occupatus
909 3093 1042 3161 nisi
1100 3093 1491 3176 quibusdam
1561 3095 1721 3160 anni
1773 3093 2180 3176 temporibus
2245 3093 2316 3158 in
2369 3098 2565 3175 parte
2632 3092 2836 3159 villae

493 3222 534 3268 a
577 3202 829 3268 rustico
877 3207 1208 3285 apparatu
1256 3191 1551 3268 discreta
1595 3201 1740 3267 ruri
1784 3220 1915 3266 non
1961 3199 2249 3265 habitat.

810 3345 1051 3428 Itaque
1128 3364 1275 3411 cum
1349 3345 1419 3410 in
1489 3365 1635 3411 eam
1708 3343 2124 3427 potissimum
2216 3347 2472 3425 partem
2552 3339 2839 3425 animum

494 3450 917 3516 habuerimus
966 3469 1374 3533 conversum,
1424 3469 1555 3531 qua
1602 3450 1963 3532 scriptores
2010 3449 2226 3515 nostri
2261 3451 2635 3531 praecepta
2700 3450 2839 3511 sta-

493 3562 691 3623 tuant
738 3558 824 3622 ad
854 3556 1085 3623 villam
1119 3556 1671 3639 constituendam,
1707 3555 2291 3637 quaestionemque
2329 3552 2837 3635 instituerimuS,

496 3685 626 3747 qua
678 3665 944 3731 ratione
1003 3665 1169 3729 haec
1238 3662 1446 3729 fuerit
1516 3663 1874 3730 aedificata
1929 3668 1998 3729 et
2066 3663 2136 3728 in
2197 3667 2425 3745 partes
2492 3659 2838 3743 disposita,

496 3777 814 3855 quantum
857 3771 1196 3855 pertineat
1243 3773 1331 3836 ad
1375 3769 1756 3838 universam
1804 3771 2033 3838 villam
2077 3770 2372 3840 rusticae
2418 3767 2519 3834 rei
2551 3755 2841 3834 servien-

494 3885 649 3963 tem,
696 3898 895 3945 unam
943 3880 1274 3960 quandam
1321 3877 1647 3945 cernimus
1695 3879 2101 3959 eandemque
2167 3875 2472 3959 speciem,
2532 3893 2662 3957 qua
2710 3874 2842 3941 dis-

496 3986 675 4053 cedit
720 3986 841 4053 illa
886 3986 956 4051 in
1004 3988 1170 4052 duas
1217 3984 1633 4067 potissimum
1695 3988 1945 4067 partes,
2013 3985 2337 4049 urbanam
2384 3988 2454 4050 et
2500 3981 2840 4048 rusticam.

494 4091 576 4158 In
607 4092 704 4160 eis
735 4112 964 4159 rursus
1013 4091 1440 4176 disponendis
1477 4110 1833 4173 earumque
1879 4091 2189 4157 membris
2225 4088 2680 4157 describendis
2712 4108 2844 4154 non

493 4197 748 4282 pariter
791 4199 1009 4265 nostri
1054 4203 1209 4266 sunt
1257 4197 1527 4280 copiosi.
1623 4197 1928 4264 Omnium
1998 4198 2195 4281 longe
2258 4196 2607 4280 uberrime,
2669 4197 2845 4277 quod

494 4328 634 4374 rem
678 4307 1059 4376 universam
1105 4325 1252 4372 cum
1297 4305 1519 4372 studio
1568 4312 1637 4371 et
1685 4324 1908 4371 amore
1955 4310 2234 4389 tractat,
2298 4302 2661 4400 Columella
2709 4301 2839 4368 dis·

2591 4406 2670 4475 1*
