3392 5050
1608 392 2047 467 ...13-

655 568 1141 639 habitationem
1199 570 1545 639 introitum
1592 579 1773 657 put0,
1836 575 2155 658 imprimis
2217 578 2277 645 si
2320 580 2488 646 haec
2537 601 2681 648 cum
2731 550 2995 651 rustico

657 684 985 761 apparatu
1064 685 1168 746 est
1245 680 1618 747 coniuncta.
1716 682 1930 764 Supra
2006 681 2190 750 illa'm
2261 706 2455 767 quam
2539 708 2998 758 commemora-

654 786 868 854 vimus
929 787 1196 853 ianuam
1271 793 1496 855 exstat
1584 793 2229 871 procuratoris
2320 795 2803 879 habitatiO,
2886 799 2999 879 qui

654 914 799 961 cum
844 893 1171 961 rationem
1231 898 1472 962 reddat
1529 896 1792 962 domino
1869 899 2128 965 reditus
2198 906 2267 967 et
2325 901 2786 985 impensarum,
2848 922 2994 967 cum

652 1021 905 1068 omnem
951 1001 1273 1068 familiam
1320 1007 1460 1069 tum
1506 1003 1775 1069 vilicum
1823 1024 1907 1070 ex
1954 1007 2317 1090 propinquo
2390 1011 2588 1075 debet
2635 1009 2991 1076 observare

655 1108 803 1202 Col.
854 1108 908 1173 I.
962 1105 1020 1191 6,
1072 1106 1161 1189 7).
1256 1110 1636 1176 Escendere
1684 1111 1896 1203 igitur
1942 1113 2103 1180 licet
2165 1115 2234 1181 in
2281 1116 2689 1199 superiorem
2749 1115 2993 1182 famili-

651 1218 818 1285 arici
866 1219 1182 1285 domicilii
1226 1225 1505 1303 partem,
1555 1240 1724 1302 quae
1772 1221 1919 1303 ipsa
1965 1223 2143 1288 haud
2192 1222 2392 1289 aliter
2440 1228 2642 1303 atque
2690 1223 2759 1288 in
2791 1223 2989 1305 plano

648 1326 784 1393 sita
823 1327 1026 1394 cellas
1074 1327 1415 1393 continere
1461 1327 1731 1394 videtur
1778 1348 2139 1396 servorum.
2206 1330 2286 1395 In
2333 1331 2563 1396 eadem
2595 1335 2790 1411 parte
2838 1335 2992 1397 sunt

653 1440 835 1500 certe
882 1434 1086 1500 etiam
1132 1454 1213 1501 ea
1257 1436 1425 1518 loca,
1488 1434 1603 1500 ubi
1661 1441 2019 1502 versantur
2088 1436 2421 1519 mancipia
2477 1437 2547 1502 in
2610 1437 2989 1505 domesticis

647 1540 975 1624 operibus,
1039 1542 1224 1608 velut
1289 1541 1675 1623 textrinum,
1748 1542 1974 1608 histon
2043 1542 2151 1626 (V.
2195 1543 2250 1608 Ι.
2319 1540 2380 1626 2,
2431 1541 2567 1626 21),
2628 1543 2991 1609 lanificium

644 1646 807 1734 (Col.
854 1648 1012 1713 XII.
1063 1646 1123 1731 3,
1174 1646 1213 1713 6
1262 1654 1330 1714 et
1377 1646 1468 1732 8),
1519 1667 1662 1714 cum
1712 1667 1823 1715 eos
1871 1647 2117 1731 fabros,
2183 1648 2295 1731 qui
2341 1648 2654 1732 graviore
2709 1655 3013 1715 utuntur·

643 1754 947 1838 materia,
1018 1753 1182 1821 foris
1251 1754 1563 1821 habuisse
1627 1753 1932 1821 officinas
2007 1754 2098 1822 611
2193 1760 2725 1837 601166111611611111,
2803 1756 2988 1821 velut

644 1868 1106 1928 commemorat
1152 1861 1497 1928 Palladius
1548 1862 1625 1947 (I.
1679 1859 1739 1945 6,
1789 1863 1857 1947 2)
1904 1862 2246 1946 ferrarios,
2286 1861 2630 1945 lignarios,
2666 1861 2985 1926 doliorum

647 1987 1089 2050 cuparumque
1209 1967 1521 2045 factores.
1647 1969 1747 2034 Ne
1845 1977 2343 2051 praetereamus
2435 1960 2580 2035 hic¹
2637 1968 2986 2036 valetu-

645 2076 1086 2160 dinarium,
1137 2077 1322 2143 cuius
1367 2096 1615 2143 memor
1664 2082 1769 2143 est
1817 2078 2185 2143 Columella
2234 2077 2381 2156 (XI.
2434 2075 2494 2160 1,
2545 2073 2666 2161 183
2714 2075 2871 2140 XII.
2924 2073 2984 2157 3,

643 2181 711 2266 7)
757 2189 834 2250 ut
899 2185 1220 2252 eiusmodi
1268 2185 1627 2267 conclavis,
1696 2187 1872 2267 quod
1944 2205 2088 2252 cum
2135 2185 2420 2267 recipiat
2467 2202 2698 2251 servos
2759 2185 2986 2248 morbo

638 2290 1023 2357 laborantes
1088 2293 1193 2359 vel
1257 2292 1747 2376 defatigatione
1819 2292 2178 2376 confectos,
2242 2312 2399 2359 aere
2462 2297 2645 2359 certe
2693 2310 2772 2356 ac
2840 2291 2987 2357 luce

641 2397 899 2464 serviat
944 2399 1354 2467 valetudinis
1420 2400 1689 2466 rationi.
1785 2401 2232 2467 Subterraneo
2299 2400 2616 2481 cellisque
2691 2398 2987 2464 familiae

636 2505 901 2572 subdito
950 2510 1402 2591 ergastulo
1453 2507 1663 2576 clausi
1710 2510 2044 2576 habentur
2091 2508 2269 2576 servi
2302 2507 2723 2591 compedibus
2771 2505 2984 2573 vincti

637 2612 860 2693 ibique
909 2616 1196 2681 subeunt
1258 2615 1546 2683 officium
1609 2618 1731 2683 sub
1781 2617 2038 2682 acriore
2099 2615 2417 2682 videlicet
2465 2612 2770 2679 custodia
2816 2612 2978 2694 (Col.

633 2718 687 2785 Ι.
739 2716 798 2801 6,
849 2718 924 2806 33
1002 2722 1123 2788 XI.
1174 2721 1233 2805 1,
1292 2720 1434 2808 22);
1513 2724 1734 2788 lumen
1800 2722 2045 2804 accipit
2104 2723 2229 2787 hoc
2300 2718 2789 2800 receptaculum
2864 2736 2984 2799 per

633 2825 966 2894 fenestras
1042 2849 1174 2894 non
1250 2849 1442 2896 raras
1501 2829 1782 2912 quidem,
1860 2831 1979 2896 sed
2053 2831 2496 2910 perangustas
2561 2823 2726 2908 (Col.
2789 2821 2982 2906 ibid.)

632 2939 898 3014 tamque
945 2937 1184 3020 editas,
1233 2942 1309 3002 ut
1354 2936 1657 3002 manibus
1706 2936 2004 3019 contingi
2048 2954 2181 3032 non
2225 2933 2502 3016 possint.

943 3104 1128 3187 Quae
1173 3104 1465 3169 membra
1513 3108 1587 3168 ut
1612 3120 1952 3169 servorum
1999 3097 2423 3180 receptacula
2467 3115 2551 3162 ne
2584 3096 2668 3162 iis
2716 3093 2977 3176 quidem

630 3212 926 3296 praediis
998 3214 1227 3278 deesse
1276 3215 1576 3292 apparet,
1627 3227 1797 3289 quae
1844 3208 2216 3272 exercenda
2262 3202 2491 3269 liberis
2562 3203 2977 3268 collocantur

629 3320 1023 3402 hominibus,
1074 3336 1235 3399 quos
1281 3322 1527 3382 vocant
1586 3316 1871 3382 colonos.
1964 3315 2259 3394 Namque
2305 3328 2437 3376 non
2485 3315 2667 3377 totus
2716 3310 2977 3376 solebat

629 3426 871 3494 fundus
948 3425 1048 3491 ita
1120 3422 1453 3506 collocari,
1534 3428 1610 3489 ut
1664 3421 1846 3489 servi
1917 3419 2177 3487 omnino
2242 3437 2374 3484 non
2451 3421 2783 3499 adessent,
2861 3419 2981 3482 sed

630 3535 877 3616 partim
925 3552 966 3598 a
1012 3530 1243 3597 liberis
1315 3530 1564 3597 colonis
1624 3529 1872 3612 partim
1933 3548 1974 3594 a
2021 3526 2233 3595 servis
2282 3527 2403 3592 sub
2451 3524 2637 3592 vilici
2712 3527 2782 3590 et
2829 3542 2978 3604 pro-

629 3639 958 3706 curatoris
1008 3637 1312 3704 custodia
1361 3636 1875 3703 administratus
1931 3653 2078 3701 esse
2125 3632 2412 3715 videtur,
2478 3633 2651 3712 quod
2698 3629 2976 3711 amplius

628 3751 821 3813 docet
869 3745 1106 3812 Fustel
1154 3746 1235 3808 de
1284 3743 1674 3827 Coulanges,
1727 3744 1824 3808 Le
1896 3740 2199 3808 domaine
2245 3738 2431 3804 rural
2480 3738 2638 3802 chez
2684 3736 2782 3801 les
2843 3736 2972 3799 Ro-

625 3853 858 3919 11161116.
950 3853 1207 3935 (Revue
1256 3853 1337 3916 de
1386 3854 1558 3917 deux
1602 3852 1875 3916 mondes
1921 3846 2264 3929 LXXVII,
2313 3865 2420 3929 pg.
2468 3841 2597 3910 857
2646 3844 2772 3924 sq.)

938 4018 1026 4083 Hi
1105 4017 1340 4101 coloni,
1415 4037 1454 4082 6
1504 4016 1738 4097 quibus
1812 4014 2190 4097 distinguas
2265 4008 2778 4091 mercennarios,
2860 4006 2972 4087 qui

625 4125 828 4193 certis
903 4124 1310 4207 temporibus
1385 4123 1542 4190 anni
1617 4124 1803 4189 velut
1852 4125 1938 4188 ad
1997 4140 2276 4186 messem
2323 4119 2824 4199 exsequendam,
2901 4121 2977 4179 ut

625 4234 997 4315 compleant
1046 4250 1394 4313 operarum
1442 4248 1781 4294 numerum
1849 4227 2317 4309 necessarium,
2365 4226 2668 4291 mercede
2716 4220 2976 4288 scilicet

623 4344 1098 4423 conducuntur,
1164 4339 1293 4422 ipsi
1340 4338 1469 4405 sibi
1517 4338 1746 4403 colunt
1791 4336 2064 4403 fundum
2111 4337 2470 4401 reddentes
2519 4330 2779 4397 domino
2855 4346 2975 4410 pro
