3392 5050
1567 423 2006 491 ...35-

609 603 871 669 asserit.
968 603 1274 679 Ceterum
1336 600 1509 666 idem
1573 602 1750 681 quod
1809 600 1918 664 hic
1980 604 2208 665 censet
2267 598 2613 664 Palladius
2680 598 2760 681 (Ι.
2807 594 2945 671 26).

610 710 822 793 Quam
871 707 1476 775 dissimilitudinem
1525 707 1759 772 dubito
1806 726 1894 772 an
1939 726 2018 772 eo
2063 705 2371 788 referam,
2418 708 2594 787 quod
2640 707 2727 770 ad
2771 705 2948 770 miti-

609 819 899 900 gandam
946 815 1360 896 captivorum
1407 812 1815 879 maestitiam
1861 812 2334 894 fastidiumque
2365 813 2728 878 Columella
2763 818 2950 877 vete—

610 942 811 989 ranos
859 929 1019 988 ante
1066 924 1150 987 ad
1198 923 1371 987 hunc
1419 940 1605 986 usum
1653 921 1946 986 nutritos
1977 920 2163 986 iubet
2191 918 2654 1001 intermisceri,
2700 926 2778 984 nt
2815 917 2951 983 diei

609 1030 823 1095 lucem
896 1028 1186 1109 solisque
1280 1028 1563 1093 calorem
1634 1028 1721 1094 iis
1787 1046 1920 1093 non
1996 1032 2187 1109 putet
2258 1028 2757 1093 detrahendum.
2847 1027 2949 1093 De

609 1141 805 1218 parte
860 1136 1179 1202 interiore
1252 1135 1429 1201 idem
1488 1154 1620 1199 non
1678 1134 1862 1199 aliud
1934 1139 2398 1200 commemorat
2456 1133 2589 1199 nisi
2655 1133 2949 1216 perticas

610 1245 931 1310 adversas
1007 1248 1077 1309 et
1152 1242 1524 1324 parietibus
1600 1240 1964 1324 perforatis
2050 1240 2398 1321 immissaS,
2480 1240 2597 1305 ubi
2671 1243 2950 1306 sedeant

614 1352 913 1416 volucres
957 1369 1090 1415 non
1137 1350 1341 1416 altius
1388 1370 1430 1415 a
1476 1356 1662 1416 terra
1706 1350 1951 1432 editae,
1999 1367 2194 1430 quam
2236 1352 2315 1412 ut
2347 1347 2609 1430 possint
2653 1368 2695 1417 a
2726 1352 2952 1413 stante

610 1457 871 1523 homine
919 1456 1236 1539 contingi.
1330 1456 1528 1522 Cibus
1576 1476 1708 1521 non
1755 1457 1878 1521 sub
1947 1454 2244 1537 perticiS,
2312 1454 2488 1520 unde
2548 1454 2949 1536 inquinetur,

611 1564 987 1646 apponitur,
1052 1566 1167 1630 sed
1217 1563 1482 1647 optime,
1552 1569 1630 1628 ut
1688 1562 1978 1644 videtur,
2044 1564 2400 1628 secundnm
2464 1580 2578 1627 eos
2637 1561 2950 1644 parieteS,

611 1672 723 1753 qui
768 1691 901 1737 non
948 1670 1235 1737 fulciunt
1281 1670 1595 1753 perticae„
1645 1689 1821 1750 aqua
1866 1670 2027 1735 item
2074 1672 2276 1734 datur
2305 1674 2382 1734 ut
2413 1666 2702 1751 gallinis.
2757 1670 2952 1735 Hanc

612 1779 1124 1861 descriptionem
1168 1780 1366 1860 plane
1420 1778 1724 1859 sequitur
1768 1776 2134 1842 Palladius,
2227 1777 2570 1842 Parietum
2630 1776 2950 1860 levigatio

611 1885 916 1952 nimirum
962 1905 1283 1967 nusquam
1328 1884 1758 1967 praeteritur.

933 2062 1080 2127 Hae
1124 2060 1335 2144 igitur
1381 2079 1542 2127 aves
1574 2079 1693 2141 per
1723 2059 2071 2125 scientiam
2104 2080 2184 2126 ac
2215 2060 2542 2131 rationem
2577 2064 2645 2130 in
2678 2062 2951 2128 cohorte

610 2170 759 2251 ipsa
804 2168 1266 2235 ornithonibus
1310 2169 1743 2234 includuntur
1786 2188 1867 2233 ac
1912 2169 2300 2234 nutriuntur
2344 2168 2464 2252 ita,
2512 2177 2590 2237 ut
2619 2191 2703 2237 ex
2746 2168 2951 2235 villae

610 2282 843 2358 saepto
926 2295 1257 2358 nunquam
1347 2278 1695 2342 excedant.
1789 2275 1920 2341 Suo
2005 2276 2151 2341 loco
2221 2275 2331 2342 hic
2412 2279 2951 2343 commemoretur

610 2383 813 2449 etiam
860 2383 1026 2448 illud
1097 2383 1477 2449 animalium
1540 2402 1770 2466 genus,
1835 2385 2010 2463 quod
2073 2383 2234 2449 item
2281 2384 2643 2450 Columella
2688 2381 2950 2462 quidem

612 2492 824 2576 (VIII.
875 2489 934 2575 1,
982 2488 1050 2575 3)
1108 2491 1177 2557 in
1223 2490 1389 2558 villa
1456 2490 1717 2557 inducit
1775 2489 2065 2575 educari,
2131 2491 2426 2574 pisces
2495 2490 2664 2559 dico.
2753 2489 2949 2557 Eius-

611 2599 789 2664 modi
856 2598 1261 2681 piscinarum
1324 2604 1481 2664 sunt
1550 2601 1678 2663 duo
1742 2618 2010 2681 genera,
2089 2619 2288 2664 unum
2362 2600 2594 2683 dulciS,
2665 2600 2949 2665 alterum

611 2705 910 2771 marinae
987 2726 1200 2786 aquae
1280 2707 1385 2788 (V.
1445 2707 1561 2771 III.
1624 2704 1683 2788 3,
1750 2704 1811 2770 2.
1863 2703 1953 2787 9),
2033 2708 2208 2787 quod
2283 2711 2507 2773 tamen
2578 2704 2949 2773 vetustiore

613 2819 841 2880 aetate
887 2814 1083 2895 plane
1129 2813 1429 2896 ignotum
1471 2815 1558 2877 ad
1602 2813 1767 2877 litus
1813 2818 2075 2878 tautum
2120 2813 2322 2879 maris
2360 2817 2585 2894 potest
2615 2809 2951 2879 constitui.

612 2919 933 2986 Rusticae
1008 2920 1213 2986 villae
1290 2922 1506 2985 Varro
1589 2920 1757 2985 illud
1833 2919 2054 3001 potius
2124 2920 2441 2987 attribuit
2504 2921 2655 3001 (III.
2706 2916 2811 3001 17,
2860 2914 2946 2999 3),

615 3046 761 3092 cum
806 3027 1105 3092 marinae
1152 3046 1365 3108 aquae
1395 3026 1720 3108 piscina-m
1767 3033 2222 3093 ornamentum
2258 3033 2451 3108 putet
2483 3024 2944 3108 sumptuosius.

614 3132 827 3199 Huius
897 3152 1066 3215 quae
1133 3139 1362 3199 exstat
1422 3136 1599 3214 apud
1669 3133 2096 3199 Columellam
2161 3134 2380 3219 (VIII.
2431 3130 2503 3212 7)
2568 3128 2944 3213 descriptio,

613 3257 756 3320 eam
806 3238 914 3305 hic
960 3239 1195 3305 afferre
1242 3239 1529 3305 alienum
1575 3239 1884 3305 existimo
1933 3260 1975 3305 a
2018 3259 2092 3305 re
2147 3239 2508 3322 proposita.

934 3414 1075 3479 Iam
1122 3414 1330 3498 igitur
1376 3416 1723 3480 redeamus
1772 3417 1858 3480 ad
1906 3435 2065 3481 aves
2113 3421 2182 3480 et
2229 3434 2364 3497 eaS,
2414 3414 2649 3495 quibus
2682 3412 2951 3479 stabula

614 3520 796 3586 intra
842 3519 1070 3588 villam
1117 3526 1461 3604 parantur,
1512 3523 1630 3587 sed
1674 3521 1878 3587 etiam
1948 3524 2036 3587 ad
2083 3520 2383 3605 agrestia
2428 3520 2675 3612 pabula
2729 3519 2950 3585 exitus

614 3630 833 3693 datur.
2009 3628 2016 3634 ’

931 3783 1032 3848 Ac
1079 3783 1353 3864 primum
1404 3782 1663 3864 quidem
1712 3783 1778 3848 in
1827 3783 1911 3848 iis
1944 3783 2334 3850 numerandi
2380 3789 2536 3849 sunt
2583 3801 2949 3849 anseres,

614 3887 742 3972 Qui
789 3908 934 3955 cum
981 3897 1175 3955 extra
1224 3890 1451 3957 villam
1499 3910 1892 3972 quamquam
1956 3910 2087 3956 non
2134 3893 2330 3975 longe
2378 3893 2462 3957 ab
2512 3888 2834 3956 aedificiis
2882 3888 2951 3954 in

612 3995 898 4077 palustri
945 4015 1108 4078 agro
1156 4001 1536 4079 pascantur,
1608 3995 1722 4061 ubi
1791 4002 2102 4080 stagnum
2162 3999 2273 4064 vel
2334 3998 2573 4063 flumen
2641 3994 2950 4062 naturale

614 4113 731 4166 aut
776 4101 962 4167 lacus
1010 4102 1118 4168 vel
1164 4101 1421 4184 piscina
1466 4121 1664 4167 manu
1714 4102 1899 4168 facta
1946 4104 2226 4169 natandi
2289 4104 2504 4169 locum
2537 4106 2670 4186 det,
2722 4102 2949 4168 stabu-

612 4208 839 4273 lantur
884 4207 1065 4273 intra
1110 4207 1314 4274 villae
1363 4209 1700 4274 cohortem
1749 4208 1992 4275 seclusi
2048 4209 2176 4292 ipsi
2223 4210 2306 4284 in,
2339 4209 2674 4292 propriam
2721 4209 2948 4274 cohor-

611 4318 747 4381 tem
793 4332 1023 4381 novem
1069 4316 1306 4396 pedum
1352 4314 1643 4380 maceria
1689 4320 2010 4397 saeptam.
