3392 5050
1345 472 1429 483 -
1522 433 1603 501 21
1704 476 1786 484 .-

392 612 718 696 gitudinis
782 612 992 696 igitur
1062 612 1280 677 latera
1347 613 1631 679 alterum
1707 615 1793 678 ad
1862 613 2221 696 meridiem,
2296 614 2579 680 alterum
2651 616 2737 680 ad

392 719 909 801 septentrionem
986 722 1217 800 patere
1291 720 1456 785 vult.
1568 717 1822 802 Quodsi
1883 719 2057 784 hunc
2125 718 2362 802 focum,
2433 720 2502 784 id
2564 723 2738 801 quod
2790 721 2808 776 .’

389 845 659 891 necesse
706 830 810 891 est
857 844 939 891 ex
986 824 1282 892 Vitruvii
1346 826 1463 891 illo
1510 826 1676 908 locO,
1718 825 2134 893 ..culinarium
2195 826 2734 911 interpretamur,

388 931 536 997 fieri
580 951 711 997 non
756 935 999 1015 potest,
1048 937 1124 997 ut
1170 933 1393 1014 boveS,
1445 951 1589 998 cum
1637 932 1903 998 stabulo
1952 932 2052 998 ita
2100 933 2408 999 ordinato
2480 921 2599 999 aut
2647 936 2733 999 ad

387 1039 727 1105 meridiem
775 1044 893 1105 aut
940 1041 1027 1104 ad
1074 1039 1612 1122 septentrionem,
1663 1045 1847 1105 certe
1895 1042 1982 1105 ad
2026 1039 2350 1122 parietem
2412 1044 2735 1123 spectent,

389 1146 650 1228 culinae
726 1146 942 1212 iocum
1010 1145 1382 1212 intendant.
1475 1147 1644 1212 Nam
1690 1151 1760 1211 et
1803 1167 1844 1211 a
1891 1146 2346 1228 septentrione
2410 1147 2735 1230 parietem

390 1256 660 1319 obstare
706 1253 971 1319 efficere
1017 1252 1178 1319 licet
1241 1273 1323 1319 ex
1363 1254 1559 1319 huius
1606 1252 1822 1333 partis
1868 1252 2245 1337 luminibus,
2309 1274 2478 1335 quae
2524 1253 2737 1319 hieme

390 1363 807 1444 claudantur,
855 1379 1067 1443 neque
1114 1360 1416 1426 meridiei
1461 1365 1720 1442 partem
1768 1363 1855 1425 ad
1910 1360 2196 1427 culinam
2244 1366 2545 1444 apertam
2591 1380 2737 1427 esse

312 1543 322 1553 ο
387 1470 773 1551 putandum,
825 1469 997 1548 quod
1044 1466 1146 1532 ita
1190 1466 1357 1532 haec
1406 1469 1492 1554 ad
1556 1466 1717 1533 solis
1764 1467 2105 1533 meridiem
2169 1467 2502 1551 dirigendi
2559 1467 2736 1532 ratio

388 1579 566 1641 esset
613 1590 1029 1656 supervacua
1076 1584 1145 1639 et
1192 1573 1423 1656 inepta
1468 1592 1600 1639 non
1646 1574 1861 1640 minus
1923 1594 2118 1655 quam
2175 1595 2294 1657 per
2341 1574 2738 1656 septentrio·
2793 1611 2799 1618 ·

387 1681 491 1747 nis
538 1685 798 1763 partem
845 1680 904 1746 si
931 1680 1124 1745 fieret
1172 1688 1317 1746 cnm
1365 1680 1587 1746 culina
1636 1680 2034 1765 coniunctiO,
2084 1681 2238 1747 inde
2285 1681 2734 1764 refrigeratiO,

389 1807 556 1869 quae
605 1787 1027 1853 desideratur
1075 1791 1359 1869 aestate,
1409 1793 1589 1853 esset
1634 1788 1978 1870 impedita.
2072 1789 2178 1853 Ab
2228 1787 2595 1854 occidentis
2627 1789 2737 1855 vel

388 1895 666 1962 orientis
714 1896 958 1978 angulo
1007 1897 1343 1959 admotum
1389 1898 1476 1960 ad
1524 1895 1811 1961 culinam
1875 1896 2207 1961 stabulum
2258 1894 2518 1977 opinari
2577 1895 2737 1960 alie-

386 2022 539 2068 num
614 2002 883 2069 videtur
957 2020 1168 2083 neque
1226 2002 1572 2093 probabile
1640 2006 2013 2084 propterea,
2099 2003 2273 2082 quod
2330 2002 2534 2067 boves
2596 2007 2737 2066 tum

386 2109 622 2192 focum,
692 2129 882 2190 quem
955 2110 1288 2209 haberent
1329 2128 1369 2173 a
1433 2110 1668 2191 latere,
1729 2127 1860 2173 non
1921 2108 2365 2173 intenderent.
2460 2106 2607 2190 Qua
2662 2127 2736 2173 re

388 2219 560 2297 quod
606 2216 951 2282 Palladius
1004 2215 1324 2282 describit
1370 2215 1615 2298 bubile,
1664 2215 1736 2280 id
1784 2215 2044 2280 culinae
2093 2213 2354 2279 omnino
2386 2233 2518 2279 non
2580 2233 2734 2280 con-

385 2325 700 2407 iunctum,
761 2328 879 2391 sed
941 2323 1241 2406 quamvis
1297 2342 1500 2407 prope
1556 2327 1878 2389 remotum
1945 2323 2028 2387 ab
2091 2341 2191 2404 ea,
2239 2322 2451 2403 ipsum
2516 2326 2739 2388 tamen

385 2434 719 2516 proprium
800 2432 1175 2498 aedificium
1244 2452 1390 2498 esse
1461 2432 1711 2513 opinor.
1832 2432 2086 2497 Focum
2160 2435 2381 2496 autem
2450 2430 2738 2513 scriptor

385 2542 524 2610 nisi'
591 2542 768 2608 iorte
846 2541 1143 2609 Vitruvii
1211 2546 1657 2624 praeceptum,
1739 2540 1850 2621 qui
1926 2545 2148 2605 tamen
2225 2539 2574 2622 praesepia
2651 2543 2737 2606 ad

386 2650 604 2716 focum
659 2650 981 2731 simulque
1026 2652 1112 2714 ad
1162 2648 1439 2715 orientis
1486 2648 1824 2731 regionem
1872 2653 2176 2729 spectare
2223 2647 2427 2731 iubet,
2488 2654 2737 2713 temere

384 2756 755 2839 transtulit,
824 2756 893 2821 in
940 2756 1083 2838 ipso
1151 2756 1416 2822 stabulo
1466 2754 1782 2821 collocari
1830 2756 2002 2821 velle
2049 2754 2334 2821 videtur.
2432 2754 2737 2819 Ceterum

384 2884 419 2930 e
469 2863 797 2946 VitruviO,
860 2882 1055 2945 quem
1098 2863 1206 2927 hic
1255 2861 1716 2929 deficientibus
1764 2862 1917 2928 aliis
1964 2860 2227 2927 minime
2285 2861 2483 2927 velim
2547 2880 2736 2942 prae-

384 2971 604 3053 terire,
654 2970 814 3037 licet
870 2988 1268 3052 cognoscere
1314 2968 1570 3034 bubilia
1616 2968 1878 3050 saepius
1927 2970 2012 3033 ad
2060 2967 2382 3033 orientem
2438 2967 2737 3049 patuisse

384 3080 741 3159 eademque
817 3081 998 3143 certe
1072 3075 1358 3158 pristina
1437 3080 1665 3141 aetate
1736 3080 1804 3143 et
1868 3076 1938 3142 in
2006 3062 2371 3141 minoribus
2443 3075 2734 3157 praediis

382 3184 583 3250 etiam
630 3189 865 3265 postea
926 3194 1183 3265 partem
1231 3181 1439 3248 fuisse
1508 3183 1769 3249 culinae
1827 3182 2175 3248 adiectam.
2273 3183 2477 3265 Quem
2546 3176 2735 3249 usum

383 3292 494 3373 qui
558 3291 790 3357 Asiam
872 3290 1190 3372 incolunt,
1262 3290 1332 3354 in
1386 3289 1568 3356 villis
1639 3289 2073 3356 aedificandis
2144 3309 2400 3371 semper
2470 3296 2733 3356 secutos

383 3403 613 3479 aperte
691 3397 1027 3481 significat
1095 3396 1327 3462 Galen.
1389 3396 1620 3461 Antid.
1670 3397 1722 3461 I.
1772 3394 1829 3462 3.
1880 3398 1968 3479 (v.
2018 3396 2397 3478 Schneider,
2467 3399 2552 3462 ad
2601 3397 2733 3462 Col.

384 3503 434 3568 Ι.
484 3502 544 3586 6,
594 3502 681 3570 20
750 3507 818 3569 et
867 3506 953 3569 ad
1000 3503 1171 3568 Pall.
1221 3503 1273 3568 I.
1324 3500 1429 3586 21,
1479 3501 1568 3582 2).
1662 3503 1794 3569 Sed
1862 3505 2036 3569 hanc
2106 3504 2519 3569 stabulorum
2589 3522 2733 3568 cum

383 3610 604 3676 culina
681 3610 1209 3677 coniunctionem
1282 3616 1548 3679 nostros
1615 3630 1747 3677 non
1815 3611 2042 3693 magni
2112 3615 2350 3692 putare
2421 3611 2734 3676 momenti

383 3723 649 3784 constat
696 3718 979 3783 maxime
1049 3738 1131 3783 ex
1192 3720 1495 3784 Varrone
1568 3722 1742 3800 quod
1811 3723 1887 3783 ut
1953 3717 2089 3784 sint
2153 3717 2374 3782 hieme‘
2435 3717 2733 3783 caldiora

381 3824 633 3890 bubilia
698 3826 1025 3890 admonet.
1121 3826 1288 3891 Nam
1355 3825 1513 3907 quid
1575 3845 1737 3908 opus
1818 3829 1921 3890 est
1984 3825 2105 3889 hoc
2153 3826 2523 3906 admonere,
2588 3843 2732 3889 cum

385 3921 425 3995 a
472 3932 692 3997 culina
736 3951 1069 4012 nunquam
1121 3951 1252 3998 non
1297 3934 1704 4015 praebeatur
1752 3932 1980 3997 calor?

702 4057 1095 4124 Latitudine
1177 4058 1345 4124 satis
1423 4060 1754 4125 habentur
1824 4078 1865 4123 a
1937 4058 2298 4123 Columella
2376 4057 2451 4141 (I.
2525 4055 2584 4141 6,
2661 4055 2731 4142 6)

380 4162 624 4229 utiam
655 4182 856 4246 supra
904 4166 1208 4249 diximuS,
1260 4168 1484 4232 decem
1531 4165 1671 4231 fere
1718 4166 1940 4247 pedeS,
1989 4162 2398 4245 totidemque
2430 4185 2470 4230 a
2501 4164 2731 4229 Vitru-

384 4271 488 4337 vio
536 4275 812 4338 vetante
862 4272 1055 4338 simul
1101 4273 1247 4354 plus
1295 4292 1439 4338 esse
1487 4292 1681 4354 quam
1744 4271 2132 4353 quindecim,
2201 4290 2395 4352 quam
2457 4273 2732 4337 eandem

376 4371 755 4446 mensuram
802 4378 1050 4444 statuit
1096 4378 1448 4445 Palladius
1496 4379 1580 4464 (Ι.
1631 4377 1738 4459 21,
1788 4377 1879 4462 2).
1973 4379 2054 4444 In
2085 4378 2580 4464 longitudinem
2630 4378 2736 4445 sin
