3392 5050
1477 399 1867 466 ...7.-

509 589 567 676 6,
641 590 712 676 1)
778 612 922 662 011111
982 592 1336 676 intellegat
1403 594 1584 659 haud
1644 593 1841 659 dubie
1901 595 2162 677 horrea,
2231 593 2453 677 cellas,
2513 594 2843 677 tabulata,

509 699 714 765 ceteri
761 699 1056 766 rusticae
1103 699 1592 783 significatione
1639 699 1988 782 complecti
2038 698 2364 766 videntur.

827 825 1007 908 Quas
1054 824 1282 907 partes
1329 825 1727 907 praesertim
1772 824 1842 889 in
1894 825 2323 906 amplioribus
2370 826 2663 908 praediis
2712 825 2843 892 dis-

509 932 726 999 clusas
773 931 953 998 inter
997 951 1069 998 se
1115 931 1322 998 fuisse
1389 931 1652 998 efficere
1676 931 1861 1022 vlicet
1917 950 2062 996 cum
2121 953 2203 998 ex
2264 932 2385 997 illa
2446 932 2846 1014 scriptorum

505 1039 868 1121 partitione
915 1043 1055 1105 tum
1103 1057 1200 1122 eo,
1251 1041 1424 1119 quod
1469 1038 1602 1104 iam
1634 1038 1959 1106 Varronis
2001 1044 2229 1105 aetate
2261 1039 2556 1106 dominos
2604 1039 2844 1106 scimus

505 1142 923 1228 politissima
951 1165 1073 1213 sua
1122 1144 1457 1211 domicilia
1502 1145 1743 1212 fecisse
1794 1147 1897 1229 (V.
1933 1145 1985 1212 Ι.
2024 1143 2127 1228 13,
2163 1143 2202 1210 7
2225 1171 2240 1231 ;
2288 1147 2379 1212 ΙΙ.
2412 1147 2622 1229 praef.
2657 1144 2718 1230 2,
2777 1145 2845 1229 3)

504 1273 716 1335 neque
740 1253 840 1319 ita
863 1254 1067 1321 valde
1113 1253 1293 1335 ipsos
1341 1273 1411 1319 se
1446 1253 1709 1319 dedisse
1759 1253 2211 1335 agriculturae
2244 1254 2466 1320 studio
2507 1255 2844 1338 cognosci-

504 1379 647 1426 mus
715 1359 880 1442 (Col.
927 1360 982 1426 Ι.
1031 1360 1242 1443 praef.
1295 1357 1394 1425 12.
1447 1357 1575 1444 15).
1669 1360 1860 1443 Quod
1935 1360 2110 1425 idem
2172 1362 2497 1443 probatur
2555 1361 2844 1444 descrip-

504 1466 688 1533 tione
735 1468 1155 1534 suburbanae
1217 1486 1385 1555 quae
1431 1471 1715 1534 vocatur
1760 1468 1849 1532 M.
1897 1467 2059 1532 Arri
2105 1467 2445 1534 Diomedis
2507 1468 2711 1535 villae
2759 1471 2843 1535 ad

504 1575 850 1656 Pompeios
898 1573 1248 1640 effossione
1296 1576 1379 1639 ad
1442 1574 1655 1640 lucem
1716 1574 2020 1656 prolatae
2086 1575 2484 1657 (Overbeck,
2548 1575 2846 1660 Pompeji

503 1701 611 1763 pg.
671 1678 800 1746 369
865 1681 1011 1763 sq.).
1105 1680 1514 1763 Quamquam
1590 1681 1931 1764 superiore
1994 1686 2222 1748 aetate
2286 1686 2551 1748 easdem
2614 1688 2844 1765 partes

505 1786 878 1855 cohaesisse
941 1807 1267 1870 unamque
1336 1787 1655 1854 rusticam
1721 1788 2047 1857 fabricam
2113 1788 2411 1855 effecisse
2474 1789 2665 1856 nobis
2731 1810 2843 1872 ap-

502 1899 696 1976 paret
740 1895 1267 1978 respicientibus,
1327 1915 1522 1977 quam
1567 1895 1848 1978 exiguus
1912 1896 2151 1979 priscis
2210 1896 2616 1979 reipublicae
2680 1902 2843 1964 tem-

502 1999 772 2082 poribus
819 2001 1026 2069 fuerit
1073 2022 1383 2086 agrorum
1427 2006 1659 2069 modus
1709 2006 1796 2069 ad
1828 2004 2148 2087 exempla,
2198 2023 2367 2086 quae
2421 2003 2619 2071 affert
2653 2005 2845 2071 Colu-

501 2107 701 2173 mella
747 2111 1309 2175 commemorando
1359 2108 1821 2175 Cincinnatum
1868 2110 2054 2175 illum
2110 2116 2178 2176 et
2227 2110 2294 2177 G.
2343 2110 2727 2178 Fabricium
2775 2117 2843 2178 et

505 2214 769 2281 Curium
814 2217 1182 2282 Dentatum
1243 2215 1410 2301 (Col.
1459 2216 1512 2281 Ι.
1564 2217 1776 2307 praef.
1826 2215 1932 2283 13.
1984 2215 2117 2288 14).
2207 2219 2408 2283 Haud
2456 2218 2653 2284 dubie
2682 2239 2842 2287 vero

501 2321 625 2386 hoc
687 2320 1105 2405 intellegitur
1169 2322 1344 2390 idem
1412 2345 1448 2391 e
1507 2325 1819 2392 Vitruvio
1882 2326 2026 2410 (VI.
2075 2323 2136 2407 8,
2204 2323 2271 2410 2)
2347 2326 2617 2393 iubente
2686 2328 2844 2411 „qui

502 2423 831 2494 fructibus
907 2428 1180 2496 rusticis
1257 2432 1600 2498 serviant“
1667 2432 1710 2498 i.
1774 2453 1827 2499 e.
1909 2433 2021 2514 qui
2080 2433 2331 2500 victum
2394 2435 2841 2502 necessarium

504 2533 919 2615 agricultura
972 2543 1229 2621 parent,
1289 2539 1400 2621 „in
1465 2558 1689 2606 eorum
1754 2541 2107 2608 vestibulis
2173 2541 2460 2624 stabula,
2522 2545 2841 2611 tabernas

501 2638 666 2722 fieri,
714 2640 785 2705 in
832 2642 1108 2709 aedibus
1157 2650 1449 2728 cryptas,
1497 2647 1760 2729 horrea,
1819 2648 2179 2729 apothecas
2237 2652 2608 2733 ceteraque,
2673 2670 2841 2732 quae

503 2747 589 2809 ad
635 2745 895 2815 fructus
963 2754 1329 2818 servandos
1388 2753 1603 2836 magis
1663 2773 1860 2834 quam
1942 2758 2028 2820 ad
2103 2755 2482 2837 elegantiae
2543 2759 2842 2825 decorem

500 2852 758 2933 possint
820 2856 1030 2922 esse“.
1137 2857 1219 2923 In
1278 2857 1641 2926 minoribus
1707 2860 1918 2944 igitur
1980 2862 2273 2944 praediis
2335 2863 2539 2930 etiam
2606 2872 2863 2949 postea‘

499 2959 941 3029 habitationis
956 2964 1019 3049 ²¹³)
1082 2968 1374 3033 membra
1422 2987 1568 3034 cum
1629 2969 1881 3035 rustico
1930 2976 2262 3052 apparatu
2316 2971 2650 3054 permixta
2695 2994 2841 3041 esse

499 3068 884 3145 putandum.

1137 3197 1198 3264 1.
1257 3199 1362 3267 De
1404 3201 1621 3268 villae
1665 3202 1875 3285 parte
1917 3204 2214 3269 urbana.

821 3337 962 3405 Iam
1009 3340 1400 3425 incipiamus
1448 3345 1825 3413 describere
1870 3346 2101 3413 villam
2147 3349 2231 3412 ab
2308 3349 2565 3415 urbana
2623 3358 2837 3438 parte,

502 3442 749 3507 domini
792 3444 1231 3515 habitatione.
1322 3451 1425 3516 De
1472 3470 1603 3533 qua
1672 3471 1818 3518 cum
1866 3453 2032 3519 Cato
2079 3453 2246 3519 nihil
2307 3456 2585 3537 amplius
2649 3479 2839 3541 prae-

503 3549 710 3632 cipiat
757 3550 888 3617 nisi
935 3547 1063 3633 ilua
1110 3556 1449 3623 delutetur
1493 3559 1780 3624 materia
1825 3559 1912 3644 (c.
1963 3557 2141 3643 128),
2198 3562 2603 3643 posteriores
2650 3586 2840 3648 prae-

502 3656 696 3739 cipua
743 3658 885 3725 eius
930 3663 1240 3744 membra,
1290 3668 1616 3744 quatenus
1666 3670 1919 3732 certam
1966 3666 2248 3750 singulis
2297 3667 2468 3734 caeli
2503 3670 2841 3754 regionem

500 3769 739 3846 putent
786 3765 1225 3851 utilissimam,
1276 3771 1599 3837 denotant
1646 3791 1776 3838 non
1824 3772 1924 3838 ita
1957 3773 2232 3857 quidem,
2283 3780 2357 3839 ut
2383 3794 2605 3844 omnes
2638 3779 2840 3844 domi-

504 3871 639 3937 cilii
685 3878 913 3955 partes
962 3876 1341 3943 accuratius
1405 3884 1759 3962 exponant,
1824 3880 2016 3945 immo
2074 3900 2253 3963 ver0,
2312 3882 2619 3963 quoniam
2673 3884 2840 3950 nihil

505 3979 684 4044 aliud
745 3980 877 4047 11131
937 3989 1297 4065 praecepta
1359 3985 1736 4053 describere
1799 3988 2034 4054 volunt
2091 3988 2306 4070 utilia,
2371 3989 2583 4054 multa
2650 3990 2839 4057 nobis

501 4084 762 4153 intacta
805 4088 1208 4173 relinquunt,
1259 4111 1427 4172 quae
1474 4112 1510 4158 e
1556 4094 1995 4160 monumentis
2061 4094 2627 4177 scriptoribusque
2689 4098 2841 4165 aliis

501 4199 655 4259 sunt
704 4194 1100 4278 colligenda.

820 4337 851 4371 ⁸¹³
888 4339 954 4395 In
990 4356 1101 4397 usu
1136 4343 1536 4400 vocabulorum
1571 4346 1793 4400 secutus
1830 4362 1955 4400 sum
1990 4345 2284 4418 scriptores
2319 4347 2559 4401 nostros.
