3392 5050
1587 391 2028 470 „gom

632 574 902 645 nimium
965 578 1126 647 solis
1201 582 1504 645 ardorem
1566 578 1741 645 idem
1788 579 1973 646 iubet
2021 587 2283 649 aestate
2340 578 2637 665 porticus
2675 573 2979 655 ‚formari

633 687 861 772 furcis,
910 688 1269 770 asseribus,
1317 686 1553 753 fronde
1600 692 1914 769 tectoque
1983 689 2086 755 vel
2130 688 2581 756 scindularum
2628 688 2738 756 vel
2785 693 2976 770 tegu-

630 796 845 860 larum
889 795 999 862 vel
1046 793 1335 861 caricum
1380 793 1527 860 fieri
1559 795 1923 861 umbrosas.
1993 796 2187 863 Alias
2234 796 2304 861 in
2338 798 2610 863 cohorte
2656 794 2974 878 porticuS,

632 904 753 969 sub
802 902 1038 984 quibus
1084 907 1242 968 sunt
1287 920 1473 968 suum
1522 902 1750 984 harae,
1799 890 1931 967 i'am
1980 922 2183 985 supra
2215 902 2885 971 commemoravimus.

950 1057 1030 1122 In
1076 1059 1308 1123 eadem
1354 1057 1626 1122 cohorte
1706 1057 2389 1139 sterquilinium
2434 1063 2539 1125 est
2586 1077 2779 1140 quam
2826 1075 2974 1139 pro-

629 1163 803 1229 xime
850 1166 938 1230 ad
982 1164 1211 1231 villam
1281 1165 1619 1229 admotum
1689 1166 2079 1244 (secundum
2124 1164 2354 1231 villam
2401 1166 2595 1231 Varr.
2644 1166 2699 1231 Ι.
2750 1162 2854 1247 13,
2895 1162 2973 1249 4;

631 1268 736 1354 38,
786 1269 854 1354 3)
902 1273 988 1337 ab
1034 1290 1111 1337 eo
1159 1276 1340 1336 certe
1387 1270 1621 1352 latere,
1670 1270 1783 1335 ubi
1831 1276 1987 1337 sunt
2034 1273 2322 1337 stabula.
2417 1272 2585 1337 Nam
2631 1274 2804 1337 unde
2874 1271 2972 1337 fa-

630 1380 871 1446 cillime
918 1382 987 1445 et
1034 1397 1228 1460 quam
1273 1375 1691 1458 paucissimis
1741 1376 1960 1458 operis
2020 1382 2278 1444 stercus
2335 1396 2413 1444 eo
2475 1377 2812 1460 efferatur,
2878 1378 2973 1443 ibi

627 1489 751 1553 hoc
816 1506 960 1553 esse
1015 1505 1286 1552 necesse
1344 1489 1450 1549 est
1519 1484 1626 1568 (V.
1674 1483 1729 1549 Ι.
1779 1481 1885 1565 38,
1935 1481 2024 1567 3).
2117 1485 2401 1551 Accedit
2458 1488 2629 1567 quod
2703 1491 2973 1567 propter

628 1597 862 1660 odores
908 1593 1273 1659 horrendos
1312 1590 1529 1657 averti
1574 1590 1844 1656 iubetur
1890 1595 1960 1656 et
2007 1612 2048 1656 a
2092 1592 2263 1658 cella
2300 1592 2560 1659 vinaria
2606 1599 2676 1659 et
2707 1613 2749 1659 a
2778 1613 2971 1675 prae-

625 1700 795 1766 torii·
831 1702 1107 1782 aspectu
1153 1698 1316 1780 (Col.
1364 1697 1419 1762 Ι.
1470 1694 1529 1779 6,
1583 1694 1703 1782 11;
1765 1698 1840 1763 Ρ.
1887 1698 1942 1762 Ι.
1991 1694 2096 1780 18,
2149 1696 2223 1783 1;
2273 1696 2378 1779 33,
2430 1698 2517 1781 1).
2565 1699 2713 1764 Duo
2744 1705 2970 1780 postu-

623 1808 769 1873 lant
816 1805 1238 1887 sterquilinia
1284 1809 1354 1869 et
1398 1805 1616 1870 Varro
1665 1803 1750 1887 (Ι.
1794 1802 1897 1887 13,
1954 1802 2022 1886 4)
2088 1810 2158 1870 et
2206 1805 2566 1871 Columella
2608 1805 2693 1890 (Ι.
2729 1803 2789 1887 6,
2836 1803 2968 1888 21),

624 1915 739 1979 ille
785 1914 990 1979 etiam
1037 1931 1254 1995 unum,
1306 1913 1423 1977 sed
1469 1910 1644 1976 idem
1691 1910 2005 1976 bifariam
2072 1912 2311 1977 saltem
2376 1910 2679 1993 divisum,
2752 1914 2969 1979 altera

624 2021 797 2087 enim
843 2025 1037 2102 parte
1083 2037 1323 2085 novum
1370 2023 1629 2083 stercus
1677 2016 1905 2100 recipi,
1935 2018 2002 2082 in
2037 2019 2339 2102 alteram,
2373 2021 2548 2101 quod
2578 2038 2697 2101 per
2728 2039 2968 2085 annum

624 2128 973 2210 requievit,
1021 2124 1310 2208 recondi,
1374 2131 1450 2189 ut
1495 2125 1563 2190 in
1611 2145 1846 2208 agrum
1901 2128 2241 2191 evehatur.
2335 2128 2481 2192 Nou
2544 2128 2704 2193 item
2774 2128 2969 2210 plane

629 2240 757 2301 duo
825 2239 1067 2317 putant
1112 2231 1493 2299 necessaria
1556 2232 1722 2298 Cato
1789 2234 1871 2316 (c.
1921 2231 1982 2315 5,
2032 2230 2107 2318 83
2175 2232 2281 2317 39,
2350 2232 2437 2318 1),
2487 2240 2557 2300 et
2624 2234 2968 2301 Palladius

624 2343 705 2425 (Ι.
755 2336 860 2424 33,
911 2339 1001 2425 1).
1092 2341 1384 2406 Humore
1432 2341 1605 2420 quod
1651 2339 2071 2420 sterquilinio
2119 2340 2402 2406 maxime
2479 2346 2583 2406 est
2631 2359 2812 2424 opus,
2885 2362 2967 2409 ne

623 2450 940 2518 stercoris
988 2468 1183 2515 sucus
1231 2448 1539 2530 siccetur,
1603 2447 1739 2513 leni
1787 2447 1960 2515 clivo
2007 2448 2220 2531 ipsum
2270 2449 2703 2515 constituitur
2750 2450 2860 2532 (V.
2913 2450 2962 2516 Ι.

625 2558 728 2642 13,
777 2557 861 2644 4;
911 2557 1046 2623 Col.
1093 2556 1146 2621 Ι.
1200 2553 1259 2638 6,
1309 2553 1434 2640 2Ο;
1481 2556 1554 2620 Ρ.
1603 2555 1654 2619 Ι.
1708 2553 1813 2637 33,
1866 2553 1952 2639 1),
2004 2576 2130 2636 quo
2186 2576 2361 2637 aqua
2407 2557 2621 2639 possit
2669 2557 2963 2641 affluere,

625 2668 834 2732 solum
912 2663 1290 2747 pavimento
1381 2669 1486 2729 est
1563 2669 1995 2746 exstructum,
2089 2669 2163 2728 ut
2248 2663 2671 2730 contineatur
2754 2665 2964 2733 omnis

619 2775 871 2857 humor,
920 2791 1171 2839 summa
1236 2775 1454 2836 autem
1517 2791 1672 2852 pars
1743 2776 1811 2836 et
1874 2772 2094 2837 latera
2154 2771 2364 2855 virgis
2427 2792 2507 2838 ac
2578 2773 2875 2839 cratibus
2923 2795 2963 2839 a

620 2882 781 2948 solis
807 2884 1045 2948 ardore
1078 2885 1147 2945 et
1172 2878 1481 2944 siccitate
1516 2878 1964 2944 defenduntur
1994 2881 2102 2962 (V.
2136 2880 2187 2944 Ι.
2228 2879 2331 2962 13,
2364 2879 2441 2966 4;
2492 2879 2623 2946 Col.
2655 2881 2706 2945 Ι.
2742 2878 2802 2962 6,
2828 2877 2960 2962 22).

620 2988 698 3053 In
758 2986 976 3052 media
1051 2991 1245 3068 parte
1322 2987 1540 3052 defixa
1609 2986 1818 3068 stipes
1888 2988 2165 3053 robusta
2241 2994 2584 3070 serpentes
2654 2988 2960 3070 prohibet

619 3094 806 3178 gigni
853 3093 961 3178 (V.
1010 3092 1062 3158 Ι.
1109 3091 1214 3175 38,
1265 3091 1340 3178 3;
1390 3093 1524 3158 Col.
1573 3092 1660 3157 ΙΙ.
1713 3091 1817 3174 14,
1868 3090 1956 3168 6).
2050 3093 2265 3159 Sellas
2313 3114 2568 3175 quoque
2615 3094 2960 3160 familiari-

621 3222 734 3268 cas
782 3198 1025 3282 apponi
1071 3204 1307 3264 narrat
1351 3200 1568 3265 Varro
1617 3200 1694 3283 (Ι.
1748 3198 1849 3281 13,
1899 3199 1987 3282 4),
2056 3206 2125 3265 et
2190 3221 2335 3266 cum
2397 3202 2684 3284 gallinae
2741 3201 2959 3284 prodi-

620 3316 868 3394 guntur
916 3310 1002 3373 ad
1049 3313 1328 3390 stercus,
1377 3317 1521 3373 rete
1569 3327 1772 3389 supra
1818 3306 2004 3373 iubet
2050 3307 2309 3374 intendi
2358 3309 2508 3392 (ΙΙΙ.
2562 3308 2621 3392 9,
2673 3308 2805 3394 14).

894 3469 899 3474 ’
933 3483 1029 3549 Iis
1077 3481 1358 3564 denique
1406 3502 1574 3563 quae
1623 3483 1805 3549 circa
1851 3483 2100 3566 villam,
2148 3483 2217 3548 in
2265 3486 2537 3551 cohorte
2585 3490 2808 3550 tamen
2859 3484 2957 3549 iu-

616 3592 802 3658 clusa
848 3588 1320 3672 existimemus,
1369 3592 1932 3655 adnumerandum
1978 3590 2063 3672 pi
2087 3591 2340 3657 strin
2364 3611 2488 3657 um
2550 3598 2619 3658 et
2673 3591 2956 3656 furnus

614 3699 780 3783 (Col.
827 3697 881 3762 Ι.
933 3694 993 3779 6,
1042 3694 1176 3781 21),
1234 3715 1403 3777 quae
1472 3696 1737 3778 quidem
1796 3697 2178 3779 plerumque
2242 3698 2597 3764 coniuncta
2660 3698 2840 3763 inter
2885 3718 2956 3764 se

614 3804 928 3872 videntur
976 3822 1121 3869 cum
1166 3808 1440 3885 propter
1486 3803 1701 3886 ipsum
1746 3823 1934 3870 usum
1998 3809 2137 3869 tum
2194 3824 2292 3887 eo,
2363 3808 2536 3887 quod
2583 3805 2953 3888 Vitruvius,

613 3911 726 3994 qui
771 3909 1066 3993 foenilia,
1144 3909 1454 3991 farraria,
1534 3911 1820 3992 pistrina
1882 3912 2032 3979 vult
2099 3913 2181 3977 ob
2244 3912 2534 3978 incendii
2594 3913 2956 3995 periculum

613 4023 809 4084 extra
853 4017 1084 4083 villam
1129 4017 1295 4101 fieri,
1345 4017 1608 4083 furnum
1655 4037 1787 4084 uon
1818 4019 2030 4101 ipsum
2063 4019 2379 4102 nominat,
2429 4023 2547 4085 sed
2587 4021 2653 4085 iu
2686 4018 2956 4103 pistrini

609 4126 880 4192 notione
927 4117 1276 4207 compl'ecti
1320 4125 1584 4191 videtur
1630 4126 1771 4210 (VI.
1822 4124 1883 4209 9,
1935 4124 2018 4210 6).
2115 4128 2338 4207 Atque
2384 4126 2454 4191 in
2499 4126 2784 4208 pistrino
2848 4128 2955 4193 far

609 4232 825 4299 hieme
892 4231 1181 4315 pinsitur
1247 4237 1318 4298 et
1386 4238 1684 4298 torretur
1755 4234 1859 4317 (V.
1908 4234 1960 4298 Ι.
2014 4230 2119 4317 63,
2188 4231 2321 4318 69).
2413 4234 2660 4306 Molam
2729 4240 2952 4300 autem

612 4346 878 4408 constat
948 4340 1060 4424 agi
1129 4362 1170 4407 a
1244 4339 1458 4408 servis
1527 4341 1634 4408 vel
1706 4361 1824 4422 per
1889 4341 2146 4406 asinum
2209 4347 2279 4406 et
2325 4342 2569 4406 mulum
2617 4342 2781 4426 (Col.
2833 4341 2950 4408 VI.
